2350 3700
223 128 262 162 DE
282 126 450 171 QUIBUSDAM
471 126 566 163 FALSIS
587 128 910 167 ARGUMENTATIONIBUS.
1025 118 1058 179 87

64 283 139 345 tum,
163 292 227 349 quo
249 276 315 349 quis
336 295 353 333 a
375 276 523 351 gubernio
546 277 737 353 suscipiendo
758 277 889 351 aliquem
909 278 1061 337 deterrere

64 374 216 422 conatur:
261 367 321 423 Aut
354 365 434 424 bene
469 374 518 424 aut
553 367 630 425 male
665 366 799 424 subditos
833 366 1060 426 administrabis.

65 453 97 510 Si
127 454 226 523 bene,
258 453 430 529 displicebis
457 454 560 527 malis3
588 456 612 512 si
641 456 734 528 male,
766 455 938 531 displicebis
964 457 1060 514 bonis.

64 544 153 617 Ergo
182 543 215 600 in
237 544 319 601 omni
341 562 411 601 casu
432 543 612 618 displicebis.
655 545 785 605 Proinde
806 546 981 620 gubernium
1009 546 1060 603 tibi

63 649 133 689 non
158 643 204 690 est
227 632 462 707 suscipiendum,
493 665 530 671 —
555 634 614 692 hoc
637 633 729 693 modo
752 636 920 709 retorqueri
947 644 1061 710 potest:

65 723 133 777 Aut
162 722 243 779 bene
278 732 327 780 aut
360 723 438 780 male
468 722 601 781 subditos
635 723 858 783 administrabo.
908 724 939 782 Si
972 724 1060 794 bene,

65 810 204 885 placebo
244 811 351 885 bonis,
393 809 417 869 si
458 812 552 882 male,
592 814 720 887 placebo
761 814 855 872 malis.
914 816 996 888 Ergo
1030 812 1061 869 in

65 899 155 957 omni
187 918 258 957 casn
285 901 422 975 placebo,
467 900 597 961 Proinde
624 902 801 978 gubernium
828 902 900 962 mihi
930 914 976 961 est
1004 920 1062 961 sus·

66 987 247 1065 cipiendum
260 991 275 1047 ¹.

457 1170 624 1219 Armenius
644 1184 682 1221 ιν.

152 1284 204 1331 DE
223 1283 429 1345 QUIBUSDAM
447 1283 568 1332 FALSIS
587 1283 986 1334 ARGUMENTATIONIBUS.

134 1412 232 1469 Nobis
253 1412 283 1469 in
298 1412 399 1471 animo
414 1432 477 1471 non
498 1424 542 1471 est
556 1430 662 1471 omnes
675 1412 842 1488 illegitimas
862 1411 1061 1471 concludendi

68 1500 207 1559 rationes
228 1500 278 1559 hic
298 1502 419 1560 referre.
462 1504 507 1561 De
529 1501 680 1560 nonnullis
701 1502 781 1560 enim
802 1501 862 1559 iam
882 1521 971 1577 supra
992 1500 1063 1559 dixi·

68 1609 147 1660 mua,
172 1608 241 1647 cum
262 1591 300 1649 de
316 1591 491 1649 rectitudine
506 1590 692 1649 diversorum
706 1591 943 1666 syllogismorum
963 1608 1062 1648 sermo

68 1689 145 1737 erat.
188 1680 248 1736 Pro
269 1678 372 1755 primis
394 1690 491 1738 autem
513 1680 557 1737 his
578 1679 743 1756 disciplinis
771 1680 878 1738 nostris
899 1678 969 1737 satis
996 1678 1060 1748 erit,

68 1769 94 1826 si
127 1779 260 1827 mentem
290 1769 329 1827 ad
360 1768 503 1844 speciales
537 1770 683 1844 quasdam
713 1767 984 1843 argumentationes
1014 1767 1063 1825 ad·

68 1859 261 1931 verterimus,
289 1877 367 1934 quae
389 1860 443 1917 sub
462 1862 549 1936 spccc'c
575 1861 704 1918 veritatis
723 1859 839 1933 falsam
866 1860 1062 1917 conclusionem

69 1949 215 2022 inferunt.
252 1948 434 2007 Huiusmodi
447 1948 728 2025 argumentationes,
742 1966 809 2006 cum
825 1947 976 2006 ordinario
991 1949 1063 2006 fiant

71 2057 142 2095 cum
157 2039 311 2096 intentione
325 2037 485 2113 decipiendi,
501 2038 683 2113 sophismata
697 2038 744 2096 vel
759 2037 902 2112 fallaciae
916 2037 1061 2106 dicuntur,

69 2137 102 2184 ut
126 2126 345 2202 distinguantur
359 2147 377 2184 a
391 2127 575 2202 syllogismis,
592 2126 622 2184 in
638 2145 712 2202 quos
727 2126 860 2184 delectus
879 2126 1062 2185 rectitudinis

69 2226 196 2290 praeter
216 2216 325 2275 mentis
346 2215 543 2276 intentionem
564 2215 683 2291 irrepsit
704 2210 925 2291 (paralogismi).

133 2313 286 2390 Paecipua
306 2333 379 2374 vero
399 2315 580 2390 sophismata
602 2323 686 2372 sunt:
708 2313 924 2388 aequivocatio,
946 2314 1063 2372 fallacia

69 2422 179 2463 sensus
200 2405 359 2479 compositi
380 2415 410 2462 et
430 2403 529 2476 divisi,
552 2403 670 2462 fallacia
690 2423 707 2461 a
729 2403 810 2461 dicto
831 2402 1002 2479 simpliciter
1023 2403 1062 2460 ad

68 2494 188 2552 dictum
209 2493 373 2551 secundum
394 2493 467 2569 quid
489 2503 518 2552 et
538 2493 605 2552 vice
625 2511 719 2563 versa,
742 2491 910 2567 ignorantia
931 2491 1060 2562 elenchi,

68 2582 180 2658 petitio
201 2581 348 2658 principii.

132 2682 335 2756 Aequivccatca
349 2683 388 2752 tit,
404 2701 472 2740 cum
482 2681 587 2756 aliquis
601 2680 632 2738 in
647 2680 757 2738 eodem
770 2692 945 2755 argumento
955 2680 1062 2738 eadem

68 2789 149 2830 voce
178 2770 268 2829 utitur
289 2771 452 2830 secundum
473 2787 592 2830 sensum
613 2769 777 2840 diversum,
806 2770 847 2827 ita
874 2779 904 2827 ut
926 2781 1062 2844 quartum

136 3008 146 3038 ¹
165 3009 245 3057 Aliud
264 3026 278 3056 a
291 3008 464 3073 petulantibus
477 3009 610 3073 discipulis
623 3009 795 3057 circumfertur
807 3008 923 3056 vitiosum
937 3008 1060 3063 dilemma,

72 3090 143 3154 quod
169 3090 258 3154 lingua
283 3092 427 3155 germanica
452 3091 488 3138 sic
514 3090 676 3153 exprimitur:
703 3088 838 3137 Entweder
863 3087 920 3135 sind
945 3087 986 3134 die
1005 3088 1062 3135 Pro·

73 3173 189 3219 sessoren
204 3170 363 3220 ordentliche
376 3173 437 3219 oder
449 3169 701 3218 ausserordentliche.
728 3168 792 3216 Sind
804 3168 840 3215 sie
853 3167 1019 3225 ordentliche,
1034 3183 1062 3213 so

73 3251 167 3300 wissen
193 3252 231 3299 sie
250 3251 334 3300 nichts
352 3249 624 3300 Ausserordentiiches.
662 3247 726 3295 sind
750 3248 787 3293 sie
815 3244 1061 3302 ausserordentlicha,

74 3347 102 3381 so
121 3330 217 3380 wissen
237 3331 274 3380 sie
293 3330 376 3382 nichts
395 3328 585 3378 Ordentliches.
615 3326 677 3375 Also
692 3363 697 3374 ,
713 3362 718 3372 .
733 3328 753 3373 .!
