2350 3700
249 194 288 229 DE
309 193 455 230 DIVISIONE
474 194 620 230 GENERALI
640 194 844 238 QUANTITATIS.
990 184 1044 245 329

115 340 273 414 Quantitas
303 344 417 400 airtuu‘s
444 344 493 401 vel
523 341 672 417 quantitas
701 342 855 417 improprie
889 343 966 399 dictu*
1000 350 1044 401 est

49 431 408 507 mugm'tuduperfectzumt
416 434 474 490 uite
482 442 623 490 essentiae
635 433 778 489 muudum
791 434 849 490 sive
863 441 1043 491 exsistentiae

50 515 240 595 (durationis)
254 523 313 579 siue
325 522 429 594 agendi
446 531 564 579 virtutis.
593 523 681 579 Haec
697 520 845 595 quantitas
860 522 947 579 rebus
961 520 1044 597 spiri-

49 610 179 667 tualibus
200 628 298 684 aeque
319 629 355 666 ac
377 611 581 685 corporalibus
603 609 752 668 convenit.
786 610 836 668 Sic
856 609 959 685 quaeri
980 620 1043 685 pot·

51 709 114 770 est,
141 706 252 774 quanta
272 700 310 757 sit
330 698 506 757 excellentia
525 699 643 757 animae
665 701 828 770 humanae,
858 700 1041 775 angelorum,

52 788 146 863 ipsius
167 788 235 846 Dei.

114 876 272 951 Quantitas
292 877 447 936 dementiae
468 879 515 936 vel
529 880 650 954 proprie
669 878 743 935 dictu
761 879 808 935 vel
836 886 969 954 corporea
999 888 1044 935 est

44 970 180 1041 partium
201 973 287 1024 extra
300 974 402 1043 partes
416 969 529 1043 positu.
559 968 629 1026 Non
651 967 747 1043 agitur
765 966 814 1025 hic
828 967 884 1025 nisi
899 966 938 1027 de
953 984 1044 1042 quan·

49 1057 134 1114 titate
157 1056 279 1131 proprie
300 1056 381 1114 dicta
407 1058 454 1115 vel
482 1074 644 1132 corporea,
674 1056 756 1115 cuius
781 1056 916 1115 diversae
943 1055 1043 1114 distin-

51 1156 183 1220 guuntur
205 1144 328 1221 species
367 1153 369 1156 '

113 1237 137 1292 Ι.
170 1236 224 1293 Est
254 1234 333 1293 enim
364 1234 527 1310 quantitas,
558 1235 582 1293 si
613 1234 818 1293 consideratur
847 1236 959 1305 modus,
990 1254 1044 1311 quo

44 1332 151 1399 partes
171 1331 240 1381 siunt
251 1316 363 1400 positae¹
383 1344 442 1381 unu
468 1332 553 1381 extra
580 1326 684 1394 ulium,
713 1326 761 1382 vel
788 1342 967 1399 permanens
994 1325 1043 1383 vel

50 1413 231 1472 successiva.

112 1502 274 1577 Quantitas
308 1502 473 1561 dimensiva
504 1512 677 1579 permaneus
716 1513 760 1561 est
799 1501 927 1577 partium
962 1512 1044 1560 extra

49 1602 154 1667 partes
168 1591 277 1667 positio
291 1592 364 1661 talis,
385 1602 417 1650 ut
437 1610 530 1650 omnes
550 1594 636 1650 simul
647 1594 791 1650 exsistant.
821 1591 901 1649 Talis
916 1602 999 1650 este.
1015 1610 1043 1667 g.

49 1681 204 1757 quantitas
223 1681 346 1753 arboris,
368 1682 483 1757 lapidis
504 1682 699 1741 multitudinis
714 1681 865 1740 cuiusdam
880 1679 1042 1740 hominum.

114 1769 274 1843 Quantitas
283 1773 432 1829 srucessiau
442 1780 486 1830 est
495 1772 623 1847 partium
638 1782 720 1830 extra
734 1781 832 1846 partes
847 1769 954 1846 positio
969 1770 1043 1841 talis,

50 1871 83 1919 ut
103 1879 168 1918 una
187 1871 256 1936 post
276 1861 365 1919 aliam
385 1861 456 1920 fluat
482 1880 582 1937 neque
610 1880 751 1937 umquam
782 1861 867 1920 simul
896 1860 1043 1920 exsistant.

51 1950 136 2009 Talis
168 1959 212 2009 est
242 1950 389 2025 quantitas
418 1961 515 2009 motus
545 1951 646 2009 stricto
677 1969 764 2010 sensu
792 1949 909 2026 accepti
940 1945 1046 2026 (motus

52 2035 227 2114 successivi)
242 2041 258 2097 ¹.

113 2129 167 2186 Ad
198 2130 392 2204 quantitatem
421 2139 649 2205 permanentem
679 2129 805 2188 refertur
834 2131 970 2204 spatium,
1007 2128 1045 2186 ad

52 2219 252 2294 quantitatem
282 2236 354 2277 vero
384 2219 581 2278 successivam
612 2226 734 2295 tempus,
765 2219 803 2278 de
835 2217 941 2293 quibus
969 2217 1046 2275 infra

51 2307 176 2366 uberius
197 2307 339 2367 dicemus.
437 2381 439 2385 y

13 2412 14 2415 ’
114 2399 155 2456 ΙΙ.
172 2397 203 2456 Si
217 2399 256 2456 ad
270 2399 445 2456 cantariorum
458 2399 637 2456 diuersarum
645 2399 777 2474 partium
791 2396 959 2468 attenditur,
976 2396 1046 2455 divi-

51 2488 133 2546 ditur
157 2488 303 2561 quantitas
324 2486 356 2544 in
377 2486 536 2545 discretam
557 2497 587 2546 et
608 2487 788 2545 continuam.
838 2499 840 2504 ’

116 2575 275 2650 Quantitas
295 2577 414 2634 discreta
435 2588 479 2635 est
497 2577 625 2651 partium
639 2586 721 2635 extra
735 2587 834 2652 partes
848 2576 956 2652 positio
971 2575 1045 2646 talis

52 2678 86 2724 ut
113 2667 197 2724 nullo
225 2666 376 2724 communi
404 2667 523 2725 vinculo
546 2667 730 2741 copulentur.
773 2668 860 2724 Haec
888 2676 932 2724 est
956 2684 1046 2740 quan·

53 2756 122 2814 titas
153 2774 179 2814 e.
211 2775 239 2831 g.
271 2756 463 2814 multitudinis
493 2756 645 2814 cuiusdam
675 2755 837 2814 hominum.
890 2755 1046 2828 Quantitas

54 2845 186 2903 discreta
206 2862 269 2902 non
290 2863 358 2903 raro
379 2845 487 2903 dicitur
507 2846 596 2903 etiam
619 2845 766 2919 quantitas
789 2847 946 2913 numerata,
977 2864 1046 2920 qua-

54 2942 142 2992 tenus
172 2933 287 2992 scilicet
316 2944 360 2992 est
388 2935 535 3008 quantitas
567 2935 755 2992 multitudinis
788 2942 967 2992 mensuratae
989 2943 1046 3010 per

54 3042 143 3081 unum
164 3023 213 3081 vel
234 3022 349 3081 numeri
362 3024 380 3081 ².

116 3112 276 3186 Quantitas
303 3114 435 3172 continua
462 3122 506 3170 est
532 3113 660 3188 partium
690 3123 773 3170 extra
806 3122 905 3188 partes
937 3113 1045 3188 positio

54 3202 137 3274 talis,
174 3212 206 3259 ut
235 3219 340 3261 omnes
370 3203 521 3261 communi
551 3202 682 3277 quodam
712 3201 831 3260 vinculo
862 3203 1045 3276 copulentur.

119 3385 128 3417 ¹
148 3387 189 3436 Cf.
209 3402 286 3451 supra
303 3403 328 3450 p.
350 3396 400 3447 227
420 3394 446 3434 et
466 3386 525 3434 228.
601 3381 612 3414 ²
632 3384 670 3432 Cf.
691 3383 831 3446 Ontologia
849 3401 874 3448 p.
896 3395 955 3445 243.
