2350 3700
256 156 301 203 ’DE
321 165 416 202 VARIIS
436 166 569 203 lDEARUM
589 166 819 205 PARTITIONIBUS.
999 166 1029 203 21

101 315 142 371 H.
165 314 238 371 Idea
258 315 429 373 uniuersalis
448 315 562 372 uberim
581 316 747 390 explicatur.

102 402 211 461 Ideam
230 404 429 462 universalem
449 422 517 461 eam
537 421 602 461 esse
625 403 759 476 diximus,
782 423 860 480 quae
876 422 968 463 unum
981 406 1031 464 ali-

32 490 116 565 quid
138 503 351 567 repraesentat,
373 493 456 567 quod
477 493 516 551 de
536 493 669 567 pluribus
693 504 723 552 et
745 493 784 551 de
807 493 927 569 singulis
948 512 1031 570 prae·

31 580 139 639 dicari
159 592 267 656 potest.
310 581 380 641 Non
401 593 446 641 est
466 582 595 659 proinde
623 582 838 642 confundenda
865 603 933 642 cum
964 584 1033 644 idea

31 671 186 729 collectiva
207 666 287 746 (idea
308 670 461 743 exercitus,
484 672 614 730 familiae
636 665 720 745 etc),
743 690 820 747 quae
842 673 880 731 de
901 674 1033 748 pluribus

32 759 169 833 quidem
189 761 392 835 praedicatur,
420 762 474 820 sed
499 779 556 819 non
577 761 611 818 de
629 762 766 834 singulis:
792 761 860 822 idea
886 762 1031 821 exercitus

34 868 64 907 e.
89 867 120 924 g.
143 849 334 925 praedicatur
354 851 393 909 de
413 850 547 927 pluribus
567 850 706 925 quidem,
737 851 791 910 sed
817 869 880 910 non
907 851 947 909 de
975 851 1031 909 sin·

33 938 135 1014 gulis3
157 939 222 997 aliis
241 940 356 999 verbis:
378 940 447 999 idea
460 938 634 998 universalis
648 940 790 999 convenit
803 939 924 1017 singulis
938 940 1031 998 distri·

34 1028 151 1097 butem,
179 1028 250 1087 idea
275 1030 431 1087 collectiva
458 1047 521 1087 non
541 1029 598 1087 nisi
626 1030 776 1098 collective,
803 1030 823 1087 i.
846 1048 871 1088 e.
894 1028 1032 1089 omnibus

34 1118 129 1176 simul
151 1118 283 1194 sumptis.
326 1120 485 1177 Praeterea
506 1118 574 1177 idea
595 1118 752 1177 collectiva
772 1137 835 1176 non
859 1130 904 1178 est
930 1138 1032 1179 neces·

33 1206 121 1264 sario
141 1207 325 1279 universalis
347 1208 400 1266 sed
421 1218 519 1283 potest
539 1226 605 1266 esse
625 1206 780 1283 singularis
802 1202 888 1283 (haec
909 1208 1028 1279 familia,

34 1295 90 1353 hic
112 1290 271 1371 exercitus)
294 1298 341 1355 vel
361 1296 535 1356 universalis
556 1292 664 1371 (omnis
686 1294 852 1372 exercitus).

101 1386 227 1461 Singula
247 1385 374 1456 obiecta,
396 1385 507 1460 quibus·
522 1385 593 1443 idea
606 1386 778 1445 universalis
793 1386 934 1445 convenit
948 1396 977 1445 et
992 1387 1029 1445 de

34 1475 149 1550 quibus
163 1475 334 1551 praedicari
348 1485 454 1551 potest,
470 1475 607 1534 dicuntur
617 1475 678 1535 eius
688 1475 834 1550 insertare
843 1476 891 1534 vel
900 1477 1028 1535 subiecto.

98 1565 176 1623 Idea
197 1565 370 1624 universalis
391 1566 505 1624 ratione
526 1565 803 1640 comprehensionis
818 1565 927 1640 duplex
941 1584 1029 1641 gene·

34 1654 127 1712 ratim
156 1654 360 1729 distinguitur:
391 1654 461 1713 idea
480 1654 652 1714 universalis
677 1656 787 1713 reflexa
807 1664 837 1713 et
857 1653 1029 1714 universalis

34 1744 166 1802 directa.

99 1833 178 1892 Idea
195 1832 369 1892 universalis
381 1834 490 1910 reflexa
505 1827 681 1909 (universale
695 1833 845 1892 secundae
860 1832 1031 1893 intentionis

32 1925 85 1980 vel
99 1917 246 1998 logicum)
261 1940 298 1981 ea
312 1932 364 1995 est,
387 1940 464 1998 quae
478 1923 625 1981 rationem
639 1922 769 1998 aliquam
786 1923 917 1998 pluribus
943 1925 1031 1982 rebus

33 2030 235 2070 communem
253 2012 430 2084 manifestat,
453 2029 594 2083 quatenus
608 2013 742 2088 plurilus
763 2014 890 2070 convenit
907 2013 954 2071 vel
972 2031 1029 2071 cen·

35 2104 139 2160 oem're
154 2108 256 2177 potest.

100 2190 178 2248 Idea
198 2190 370 2249 universalis
390 2192 496 2249 directa
517 2186 693 2267 (universale
719 2189 832 2266 primae
860 2191 1031 2250 intentionis

36 2281 87 2338 vel
109 2274 361 2360 metaphysicum)
383 2297 418 2338 ea
439 2290 498 2351 est,
530 2298 607 2356 quae
629 2279 825 2355 quidditatem
846 2280 967 2339 alicuius
988 2280 1032 2338 rei

36 2369 215 2427 manifestat
241 2367 363 2444 quidem
390 2388 408 2426 a
435 2369 663 2428 condicionibus
689 2367 940 2428 individuantibus
968 2370 1031 2427 abs·

36 2467 179 2528 tractam,
201 2476 257 2515 nen
278 2464 370 2515 aulem
391 2475 422 2516 ut
433 2459 568 2532 pluribeo
588 2458 671 2516 rebus
691 2476 792 2516 revere
813 2475 989 2516 communem.

334 2631 355 2668 1.
379 2619 420 2668 De
438 2619 576 2667 universali
592 2619 689 2683 reflexo.

103 2744 177 2792 Eius
203 2743 313 2793 divisio.
352 2734 429 2792 Cum
456 2734 524 2792 idea
550 2732 723 2792 universalis
747 2733 857 2790 reflexa
885 2731 1031 2790 rationem

41 2824 176 2898 aliquam
197 2823 331 2899 pluribus
352 2823 580 2883 convenientem
603 2823 770 2880 manifestet
798 2821 961 2880 formaliter
991 2839 1034 2878 se-

42 2911 176 2970 cundum
203 2913 342 2984 modum,
371 2930 432 2988 quo
460 2913 592 2988 pluribus
620 2910 776 2982 convenit,
805 2909 908 2985 quaeri
935 2919 1033 2984 potest

42 3002 161 3076 quinem
175 3003 235 3059 sint
246 3002 323 3060 neodi
330 3003 531 3075 generalieres,
553 3001 701 3058 secundum
715 3019 784 3074 ques
797 3017 873 3056 mens
893 3001 1031 3058 rollonem

43 3092 189 3165 quandem
210 3093 396 3149 universalem
410 3091 598 3166 inferioribus
611 3090 757 3148 convenire
763 3091 923 3164 perspicere
930 3090 1030 3162 possit,

43 3182 93 3239 vel
113 3180 247 3238 brevius:
270 3181 392 3254 quinam
413 3180 472 3236 sint
492 3179 575 3237 modi
595 3179 758 3251 generales,
780 3177 943 3233 secundum
958 3194 1033 3247 quos

44 3288 105 3326 una
125 3269 211 3326 notio
233 3268 271 3325 de
292 3269 350 3324 alia
364 3266 532 3343 praedicari
547 3263 647 3338 possit.
677 3261 764 3318 Modi
779 3273 876 3317 autem
891 3261 931 3315 illi
947 3277 1034 3330 gene·

47 3357 186 3428 calores,
215 3355 381 3414 secundum
402 3372 477 3428 quos
498 3370 558 3408 una
577 3349 661 3406 notio
682 3348 721 3404 de
747 3347 804 3402 alia
830 3345 879 3400 vel
906 3344 943 3398 de
972 3341 1035 3396 aliis
