2350 3700
113 87 147 135 80
511 98 693 135 manncrrca

111 247 278 306 Periculum
299 265 372 307 vero
392 246 560 307 huiusmodi
582 245 700 322 peccati
727 263 790 303 non
811 263 879 303 raro
900 245 973 302 latet
994 243 1029 301 in
1051 244 1113 318 syl·

112 336 239 412 logismo
261 336 342 395 cuius
363 336 526 412 praemissa
547 337 686 395 alterutra
707 335 754 392 vel
775 344 900 408 utraque
921 343 1112 407 estpropo

112 425 178 484 sitio
200 436 312 484 occulte
334 427 490 502 composita.

173 516 221 573 Sic
242 514 347 573 vitiosa
367 526 411 573 est
431 515 507 573 haec
522 513 725 573 concludendi
746 512 830 584 rati0,
853 530 930 587 quae
947 521 1052 571 tamen
1077 510 1113 575 in

111 604 244 662 terminis
265 603 395 678 aliquam
416 602 601 662 rectitudinis
622 602 754 679 speciem
772 603 880 660 habet:
902 602 965 659 Ens
985 599 1110 658 infinite

112 695 277 769 perfectum
306 704 350 751 est
377 703 539 752 aeternum.
582 691 675 767 Atqui
703 693 782 749 solus
803 692 885 749 Deus
913 701 958 748 est
984 707 1042 761 ens
1063 690 1111 745 in·

112 782 193 841 finite
225 783 397 857 perfectum.
445 783 526 857 Ergo
558 782 636 840 solus
666 782 749 839 Deus
779 792 823 838 est
852 791 998 838 aeternus.
1048 780 1110 835 Ex-

112 870 260 946 ponibiles
282 881 477 947 exponantur,
501 880 530 929 et
550 871 631 929 clare
651 869 768 929 videbis
782 868 1007 928 conclusionem
1029 868 1110 925 duas

113 961 266 1019 continere
288 960 478 1031 assertiones,
509 978 634 1035 quarum
662 978 721 1018 una
741 977 814 1017 vera
834 968 879 1016 est
898 968 929 1016 et
948 967 1032 1015 recte
1053 958 1110 1015 de·

113 1049 211 1121 ducta,
233 1050 326 1107 altera
346 1066 418 1107 vero
439 1048 600 1123 illegitima.

173 1149 291 1222 Regula
311 1155 409 1205 autem
423 1146 571 1221 generalis
591 1148 649 1204 hac
670 1146 702 1203 in
722 1164 755 1204 re
770 1145 812 1204 sic
826 1144 973 1204 enuntiari
987 1155 1107 1220 potest:

113 1236 294 1311 Syllogt'smus
314 1237 476 1311 compositus
491 1236 587 1311 primo
608 1231 769 1293 resolvatur
788 1235 960 1292 indiversus
979 1234 1109 1307 syllogis-

113 1446 209 1510 primae
228 1446 323 1512 figurae
343 1449 504 1512 syllogismus
523 1448 683 1497 reducendus
701 1448 740 1497 sit.
775 1448 888 1497 Litterae
907 1447 924 1495 S
944 1456 969 1495 et
988 1447 1007 1494 P
1026 1446 1108 1511 signi-

115 1526 191 1574 ficant
209 1528 408 1592 propositionem
433 1528 515 1577 vocali
537 1527 702 1593 praecedenti
727 1527 893 1592 significatam
918 1543 974 1575 esse
1000 1542 1109 1575 conver-

115 1606 231 1667 tendam,
252 1607 269 1655 S
288 1608 390 1673 quidem
410 1610 573 1657 conversione
592 1608 716 1671 simplici,
736 1608 769 1667 P,
789 1608 957 1657 conversione
975 1622 1022 1671 per
1041 1606 1110 1654 acci-

115 1686 185 1735 dens.
223 1688 319 1737 Littera
338 1689 365 1735 M
385 1687 509 1753 significat
528 1688 648 1737 maiorem
675 1704 731 1737 cum
756 1687 854 1737 minore
880 1687 1108 1737 transmutandam.

114 1766 246 1816 LitteraC
265 1768 291 1815 in
311 1768 394 1816 medio
413 1768 529 1817 vocabuli
548 1768 611 1816 dicit
629 1767 802 1832 syllogismum
821 1768 854 1815 ad
871 1768 977 1831 primam
997 1766 1109 1831 figuram

115 1846 202 1896 reduci
218 1864 273 1897 non
292 1865 375 1912 posse.
401 1848 554 1897 Huiusmodi
574 1858 632 1897 sunt
645 1847 786 1914 syllogismi
800 1848 826 1896 in
839 1848 934 1896 Baroco
946 1856 972 1896 et
984 1846 1108 1896 Bocardo.

115 1927 151 1974 Hi
179 1928 256 1991 igitur
283 1929 363 1976 solum
392 1929 514 1978 indirecte
542 1929 575 1978 ad
603 1929 755 1977 evidentiam
783 1929 903 1977 maiorem
937 1927 1108 1976 demonstrari

115 2016 228 2070 possunt,
249 2007 368 2057 videlicet
380 2025 426 2072 per
438 2009 617 2058 deductionem
630 2009 663 2056 ad
676 2009 812 2057 absurdum
824 2024 869 2058 seu
881 2006 1048 2072 impossibile.
1062 2044 1067 2055 .
1080 2046 1085 2055 .
1101 2045 1107 2056 .

116 2087 153 2135 Sit
179 2087 255 2151 igitur
273 2104 294 2137 c.
315 2105 340 2152 g.
367 2089 527 2154 syllogismus
554 2089 580 2145 in
606 2090 716 2144 Baroco:
742 2088 833 2138 Omnis
859 2089 937 2136 virtus
961 2097 1000 2136 est
1025 2084 1116 2136 bona.'

115 2167 209 2231 Aliqua
228 2167 362 2218 aemulatio
386 2178 494 2218 nonest
519 2169 596 2218 bona.
634 2169 704 2234 Ergo
729 2169 813 2234 aliqua
838 2168 973 2217 aemulatio
995 2182 1047 2216 non
1066 2177 1107 2216 est

116 2247 201 2296 virtus.
227 2248 401 2308 Adversarius,
423 2265 542 2298 concessa
559 2250 654 2298 maiore
666 2258 692 2298 et
704 2250 807 2309 minore,
828 2265 925 2313 negans
937 2263 1106 2311 consequens,

116 2343 146 2376 eo
166 2326 221 2391 ipso
240 2328 350 2377 admittit
368 2329 479 2378 eiusdem
498 2330 698 2395 propositionem
718 2329 951 2387 contradictoriam,
971 2328 1106 2376 nimirum:

116 2407 206 2456 Omnis
225 2409 359 2457 aemulatio
379 2416 417 2458 est
435 2410 522 2459 virtus.
559 2411 613 2458 Iam
633 2425 664 2458 ex
682 2409 732 2458 hoc
751 2409 868 2469 admisso,
888 2408 1036 2472 syllogismo
1056 2409 1105 2456 evi·
1128 2459 1132 2466 ,

116 2488 185 2536 denti
203 2489 298 2553 primae
318 2488 420 2554 figurae,
442 2490 541 2555 cogitur
560 2490 693 2539 admittere
711 2489 787 2538 etiam
804 2488 1025 2539 contradictoriam
1044 2488 1106 2537 alte·
1143 2510 1153 2532 v.

115 2568 166 2616 rius
179 2570 331 2632 praemissae
345 2585 396 2618 ase
406 2585 550 2631 concessae,
565 2577 591 2618 et
602 2570 662 2619 hinc
675 2570 721 2618 sibi
734 2579 821 2635 aperte
834 2569 1005 2619 contradicere
1019 2569 1105 2629 debet,
1163 2591 1168 2607 ι

115 2643 213 2698 scilicet
230 2651 367 2698 retineatur
384 2651 478 2698 maior:
505 2650 595 2698 Omnis
613 2651 691 2699 virtus
710 2658 749 2698 est
767 2650 848 2710 bona;
874 2658 984 2714 ponatur
1009 2649 1105 2698 minor:

116 2729 206 2778 Omnis
216 2730 350 2778 aemulatio
360 2740 398 2778 est
408 2731 500 2791 virtus;
514 2747 576 2795 ergo
586 2731 667 2780 omnis
679 2730 813 2778 aemulatio
826 2736 864 2779 est
876 2729 951 2778 bona.
978 2728 1054 2790 Quod
1067 2739 1107 2778 est

116 2811 309 2859 contradictoria
328 2810 431 2859 minoris
451 2818 525 2860 antea
542 2811 643 2876 abipso
657 2810 795 2858 admissae»
813 2807 908 2873 (Frick,
929 2810 993 2873 Log.
1008 2825 1032 2872 p.
1049 2807 1106 2873 72).

176 2888 227 2938 Sed
246 2891 278 2938 de
297 2890 366 2938 hisce
386 2890 525 2940 dialecticis
544 2891 653 2939 dumetis
679 2891 745 2939 satis.
782 2889 929 2938 Admodum
954 2889 1021 2936 enim
1047 2900 1109 2937 sunt
1171 2899 1174 2912 ¹

116 2967 217 3015 subtilia
230 2977 262 3028 et,
283 2986 330 3016 usu
348 2977 456 3032 spectato,
476 2971 527 3018 fere
542 2970 634 3018 nullius
647 2970 774 3019 momenti.
801 2969 973 3033 Quapropter,
996 2971 1032 3018 «π’
1041 2976 1108 3033 tyro-

117 3047 188 3092 nibus
213 3048 286 3094 nimis
310 3049 361 3095 sint
383 3051 495 3107 molesta,
521 3051 699 3112 relinquantur
715 3051 782 3112 ipsa,
809 3065 859 3097 non
878 3050 943 3098 enim
961 3051 1040 3098 multa
1059 3052 1111 3098 m't

116 3126 226 3171 iactura»
244 3122 370 3188 (Lepidi).
396 3127 522 3188 Attamen,
543 3129 607 3176 sicut
620 3137 705 3177 monet
722 3129 778 3193 ipse
795 3127 838 3176 ille
850 3128 997 3192 praeclarus
1010 3139 1108 3191 auctor,

118 3216 169 3248 non
189 3211 247 3249 sunt
266 3205 431 3266 aspernanda.
468 3207 592 3270 Apprime
611 3208 678 3256 enim
697 3208 783 3256 valent
801 3208 834 3255 ad
859 3216 1008 3256 structuram
1033 3225 1108 3273 argn-

118 3280 277 3327 meutationis
296 3282 405 3343 penitius
423 3299 453 3331 ac
471 3285 571 3346 plenius
591 3286 820 3350 introspiciendam.
