2350 3700
96 133 245 169 NOTIONES
266 132 461 169 SUBSTANTIAE
481 134 516 170 ET
536 132 710 170 ACCIDENTIS
730 132 934 169 EVOLVUNTUR.
973 121 1024 182 263

37 299 95 339 non
116 281 269 357 indigeret
289 280 358 352 ali0,
379 300 399 339 a
418 300 472 356 qua
493 279 693 340 exsistentiam
714 298 795 339 suam
817 279 949 356 recipiat,
971 281 1025 338 sed

38 370 130 446 ipsam
153 371 340 429 declaramus
369 389 433 429 esse
460 388 540 441 rem,
569 370 632 441 cui,
661 369 685 427 si
706 368 875 428 exsistentia
902 369 958 445 ipsi
978 369 1025 427 tri-

38 460 143 531 buitur,
167 460 293 518 debetur
311 470 344 517 ut
363 458 481 519 exsistat
501 462 582 529 inse,
604 458 675 534 quia
689 458 758 517 satis
771 458 914 518 firmitatis
935 459 1027 517 habet

39 567 135 620 exse,
158 540 274 607 utnon
295 548 428 624 indigeat
448 549 515 619 alio,
538 549 570 605 in
591 567 652 623 quo
671 547 835 606 inhaereat.

95 637 234 695 Dicimus
248 647 361 696 autem:
384 640 460 695 cuins
475 638 629 712 quidditati
647 638 775 713 competit
785 638 917 695 exsistere
937 639 1025 705 inse,

39 729 107 801 quia
117 727 158 785 ad
168 728 327 787 essentiam
336 726 515 787 substantiae
529 726 659 803 pertinet
670 736 792 797 tanturn,
807 736 839 784 ut
852 726 908 801 ipsi
923 736 1026 785 debea-

38 834 81 874 tur
100 816 242 875 exsistere
264 817 294 874 in
314 834 354 888 se,
376 834 438 875 non
457 826 556 875 autern
578 814 743 891 requiritur,
764 826 797 873 ut
817 824 900 873 sitin
919 824 978 875 se‘.

97 914 244 973 Additur:
273 921 417 989 tamquam
444 916 475 971 in
501 915 625 971 subiecta.
670 913 750 986 Quia
770 924 876 971 natura
895 914 1026 972 substan·

39 1004 95 1063 tiae
118 1021 183 1063 non
203 1003 341 1079 impedit,
364 1002 522 1078 quominus
542 1002 578 1061 sit
601 1002 632 1060 in
654 1002 712 1061 alio
734 1013 886 1077 tamquam
906 1022 975 1078 pars
994 1002 1026 1061 in

39 1103 119 1165 toto,
147 1094 195 1151 vel
216 1102 389 1151 contentum
410 1092 441 1150 in
462 1092 650 1162 continente,
678 1092 737 1149 alia
759 1092 943 1165 huiusmodi,
973 1094 1026 1152 sed

41 1194 168 1254 tantum,
199 1180 356 1257 quominus
384 1182 415 1239 in
442 1181 509 1257 ipso
535 1180 573 1239 sit
600 1192 752 1256 tamquam
779 1181 811 1238 in
832 1181 966 1240 subiecto
986 1184 1026 1240 in·

41 1273 189 1329 laesionis.

99 1360 218 1433 Quibus
239 1361 376 1419 omnibus
396 1360 566 1430 declaratis
597 1360 683 1418 facile
704 1360 859 1435 intelleges
886 1361 917 1417 in
944 1361 1026 1418 omni

39 1451 198 1508 substantia
218 1448 299 1507 idem
320 1467 384 1508 esse
406 1467 438 1508 re
460 1448 667 1520 substantiam,
689 1450 859 1521 essentiam,
881 1460 1026 1520 naturam,

39 1540 78 1596 ita
108 1549 140 1596 ut
168 1538 245 1596 inter
272 1548 331 1596 tres
357 1538 422 1596 illas
443 1537 637 1596 formalitates
659 1556 722 1595 non
743 1538 857 1596 sitnisi
877 1538 1027 1597 distinctio

40 1628 165 1685 rationis
185 1625 376 1685 ratiocinatae
387 1626 406 1685 ¹.

102 1716 237 1774 Dicimus
250 1732 338 1774 vero:
364 1716 412 1773 «in
433 1714 515 1773 omni
537 1715 727 1787 substantia»,
750 1717 872 1791 quiade
891 1716 1028 1775 acciden-

38 1808 118 1866 tibus
147 1805 223 1864 haec
252 1805 418 1881 propositio
445 1823 508 1863 non
528 1806 615 1864 valet.
657 1807 727 1881 Ipsa
754 1807 833 1864 enim
861 1806 1029 1866 accidentia

40 1896 154 1954 habent
175 1895 342 1966 essentiam,
365 1913 441 1970 quae
463 1905 564 1953 tamen
584 1894 747 1953 substantia
759 1895 820 1954 dici
840 1914 903 1953 non
922 1906 1027 1972 potest.

100 1986 208 2042 Falsae
228 1985 401 2060 definitiones
421 1986 584 2042 rn'cznntnr.
607 2014 645 2022 -
670 1985 831 2044 Cavendae
853 1996 920 2044 sunt
941 2004 1029 2060 quae·

39 2075 110 2133 dam
132 2073 225 2131 salsae
246 2073 435 2131 definitiones
455 2072 645 2131 substantiae.
687 2074 776 2132 Tales
796 2085 877 2132 sunt:

106 2183 129 2221 1.
154 2161 297 2220 Definitio
319 2181 336 2219 a
354 2162 478 2239 Spinoaa
498 2161 607 2220 tradita
627 2161 672 2220 his
692 2163 805 2221 verbis:
827 2163 886 2220 Per
904 2164 1030 2220 substan-

21 2255 110 2310 rtrum
131 2252 259 2324 intellego
280 2251 325 2320 iel,
347 2252 425 2326 qnod
441 2253 472 2308 in
492 2267 520 2307 se
541 2257 583 2307 est
601 2257 630 2306 et
642 2260 699 2326 per
718 2269 747 2310 se
767 2254 927 2326 concipitur,
955 2252 982 2308 le.
1005 2270 1027 2310 e.

21 2347 23 2374 ν
50 2378 60 2382 -

105 2445 112 2475 ¹
134 2445 210 2494 «Non
228 2454 266 2494 est
284 2463 346 2510 ergo
365 2445 480 2495 definitio
499 2446 661 2506 substantiae,
682 2462 727 2496 ens
742 2462 789 2511 per
801 2465 828 2496 se
841 2448 895 2496 sine
907 2448 1027 2508 subiecto,

39 2543 89 2576 nec
109 2525 222 2575 definitio
242 2526 391 2587 accidentis,
412 2543 457 2576 ens
475 2527 500 2574 in
519 2527 647 2587 subiecto;
667 2527 713 2576 sed
731 2527 865 2592 quidditati
883 2543 929 2576 seu
947 2543 1029 2576 essen-

40 2609 90 2656 tiae
110 2607 266 2656 substantiae
285 2609 405 2671 competit
422 2607 518 2656 habere
537 2623 593 2656 esse
612 2623 663 2655 non
690 2607 716 2654 in
742 2607 869 2667 subiecto,
898 2608 1030 2672 quidditati

38 2696 132 2746 autem,
152 2687 205 2735 sive
220 2688 342 2735 essentiae
361 2687 506 2747 accidentis,
526 2687 647 2751 competit
666 2687 760 2736 habere
779 2704 835 2736 esse
853 2689 878 2736 in
898 2688 1026 2736 subiecto»

42 2764 81 2830 (S.
106 2768 192 2816 Tuom.
212 2767 258 2829 111,
278 2783 302 2832 q.
322 2777 363 2828 77,
384 2784 405 2816 a.
429 2779 439 2814 1
461 2769 493 2815 ad
508 2764 545 2830 2).
571 2768 691 2816 Admissa
709 2767 868 2817 distinctione
887 2768 948 2816 reali
965 2769 1031 2818 inter

40 2849 177 2896 essentiam
203 2856 227 2896 et
253 2847 425 2896 exsistentiam
450 2847 513 2896 haec
538 2847 609 2895 notio
635 2847 731 2912 optime
756 2849 896 2912 explicatur
913 2864 945 2897 ex
971 2864 1030 2898 con-

41 2925 195 2977 sideratione
221 2936 325 2977 naturae
351 2928 474 2976 humanae
500 2928 526 2976 in
545 2927 656 2976 Christo.
694 2926 810 2976 Essentia
835 2928 902 2976 enim
927 2928 1030 2977 actualis

21 3008 205 3060 ,humanitatis
225 3007 328 3068 Christi,
348 3009 394 3056 etsi
414 3023 465 3056 non
479 3009 586 3071 propria
604 3007 749 3056 exsistentia
767 3008 901 3067 subsistat,
926 3009 972 3056 sed
990 3025 1030 3058 ex·

41 3088 156 3137 sistentia
173 3088 260 3150 Verbi,
280 3104 369 3136 revera
387 3097 472 3138 tamen
490 3093 529 3136 est
548 3087 688 3136 substantia
706 3095 731 3136 et
750 3103 803 3136 non
821 3088 953 3149 accidens,
973 3089 1031 3152 quia

43 3169 176 3232 quidditati
193 3169 272 3232 ipsius
290 3168 389 3218 debatur
407 3168 501 3216 habere
522 3167 653 3232 propriam
679 3167 853 3216 exsistentiam.
889 3168 928 3216 cf.
955 3184 1031 3231 supra

21 3267 23 3278 .
43 3265 67 3311 p.
88 3248 148 3311 238,
169 3256 229 3297 nota
251 3261 272 3296 1.

21 3365 22 3370 .
103 3325 173 3377 ²Cf.
193 3344 269 3392 supra
287 3344 312 3391 p.
334 3339 381 3388 231
405 3335 429 3373 et
449 3326 508 3384 248.
