2350 3700
176 118 226 165 214
477 118 515 153 DE
535 118 598 155 lasa
617 118 742 155 RATIONE
762 118 853 155 ENTIS.

174 268 286 325 scilicet
313 266 389 324 entis
409 266 594 341 exprimens,
622 266 684 323 eius
705 283 807 324 sensus
827 266 959 341 intellegi
979 284 1043 323 non
1066 276 1167 341 potest

173 356 230 414 nisi
251 355 290 413 ab
311 372 357 425 eo,
380 354 431 428 qui
453 355 588 429 positive,
612 354 684 429 quid
705 354 742 413 sit
762 373 823 426 ens,
846 355 904 412 iarn
926 356 1116 413 intellexerit.

236 444 390 503 Definiunt
409 444 538 518 proinde
559 461 613 502 ens
634 460 689 519 per
704 444 882 520 oppositum,
905 454 935 501 ut
956 445 1074 503 dicant:
1100 445 1167 501 En:

175 541 217 592 est
235 533 274 601 id,
295 532 373 607 quod
389 552 446 589 non
467 539 508 589 est
526 532 653 591 nihilum.

237 622 324 696 Quae
348 621 471 695 quidem
491 621 654 679 declaratio
675 631 707 679 ut
727 631 808 680 recte
829 621 1029 697 intellegatur,
1059 633 1166 679 notan

176 711 247 771 dum
268 721 312 769 est
333 710 452 767 mattam
473 711 638 785 generatim
659 711 784 783 definiri,
806 720 838 768 ut
858 710 908 768 sit:
935 711 1063 768 absentia
1086 714 1167 769 entis

177 801 230 859 Est
251 810 348 859 autem
370 800 417 858 vel
438 800 601 871 relativum,
623 800 671 859 vel
691 800 866 858 absolutum.

237 898 367 957 Nihilum
389 898 539 955 relativum
558 908 616 956 est:
639 898 766 955 absentia
786 906 905 957 alicuius
922 899 1167 957 determinatzoni.

176 990 255 1046 entis.
296 987 427 1045 Dicitur:

238 1072 266 1151 a)
283 1077 477 1152 przaatioum,
499 1076 523 1135 si
545 1086 589 1134 est
610 1076 744 1134 absentia
765 1077 886 1135 alicuius
907 1076 1167 1135 determinationis

178 1167 253 1225 entis
274 1166 305 1223 in
325 1165 441 1223 subiecto
461 1172 529 1241 apto
547 1165 586 1223 ad
607 1165 688 1223 illam
702 1166 872 1225 habendam
885 1167 908 1237 ¹,
931 1166 1067 1224 absentia
1090 1167 1167 1224 visui

178 1274 204 1314 e.
226 1274 253 1331 g.
277 1256 306 1312 in
328 1254 451 1312 homine
472 1249 643 1330 (caecitas),

237 1339 269 1418 b)
297 1346 470 1417 negatthum,
499 1344 524 1401 si
551 1353 596 1402 est
622 1344 731 1417 gradus
759 1344 911 1402 cuiusdam
938 1344 1014 1403 entis
1039 1344 1167 1421 simple)

178 1433 326 1502 absentia,
355 1432 490 1491 absentia
509 1432 626 1490 habitus
651 1432 858 1507 philosophiae
885 1451 911 1491 e.
933 1451 961 1508 g.
990 1434 1021 1492 in
1043 1434 1167 1491 homine

177 1522 295 1580 rustico.

239 1620 371 1678 Nihilum
399 1620 555 1677 absolutum
584 1620 632 1678 vel
660 1636 774 1678 merum
801 1620 940 1678 nihilum:
971 1629 1015 1678 est
1038 1620 1167 1677 absentio

182 1719 268 1767 totius
287 1711 365 1767 entis.
402 1709 533 1783 Quando
548 1718 646 1767 autem
660 1708 767 1767 dieitur
791 1727 862 1767 «ens
880 1720 925 1767 est
944 1709 984 1781 id,
1007 1710 1092 1784 quod
1106 1728 1167 1767 non

179 1809 223 1858 est
243 1799 395 1871 nihilum»,
417 1798 650 1874 intellegendum
671 1808 715 1857 est
734 1798 857 1858 nihilum
878 1798 1054 1857 absolutum.

238 1901 278 1956 Et
298 1899 349 1956 illa
371 1897 493 1973 quidem
513 1907 557 1955 est
577 1897 740 1956 declaratio
769 1898 856 1970 entis,
885 1897 968 1972 quod
989 1898 1099 1956 dicitur
1124 1917 1166 1956 ent

179 1988 263 2045 reale.
298 1988 346 2044 Fit
359 1997 456 2045 autem
471 1987 629 2058 interdum,
650 1996 682 2044 ut
702 2006 720 2044 a
741 1997 841 2044 mente
855 1987 1037 2062 excogitetur
1052 1987 1166 2062 aliquit

180 2087 211 2135 ut
231 2094 293 2147 enS,
316 2077 399 2150 quod
420 2086 519 2134 tamen
541 2075 571 2133 in
593 2093 624 2134 se
638 2076 790 2134 entitatem
810 2092 873 2133 non
894 2074 985 2134 habet
998 2076 1092 2134 ullam
1115 2077 1166 2138 nist

181 2165 253 2224 illud
276 2165 374 2224 «obici
395 2185 413 2222 a
427 2165 542 2223 ratione
557 2175 685 2235 utens»,
707 2165 781 2223 sicut
795 2165 916 2239 quando
931 2165 1027 2240 ipsum
1041 2165 1165 2222 nihilun

182 2264 319 2314 amente
348 2264 379 2311 ut
404 2271 458 2312 ens
485 2254 698 2312 consideratur.
748 2253 922 2312 Cuiusmodi
952 2271 1016 2312 esse
1042 2265 1165 2311 vocatur

181 2364 234 2404 ens
255 2343 392 2414 rationis,
416 2353 445 2400 et
465 2343 619 2401 definitur:
651 2343 747 2411 «illud,
769 2342 846 2417 quod
861 2343 947 2400 habet
965 2359 1020 2400 esse
1039 2343 1165 2401 obiectio

181 2440 291 2491 tantum
304 2433 335 2489 in
348 2433 495 2500 intellectu,
517 2450 569 2491 seu
584 2449 648 2490 esse
663 2432 703 2501 id,
726 2431 808 2506 quod
822 2450 840 2488 a
854 2432 969 2490 ratione
984 2433 1165 2506 excogitatur

181 2534 213 2581 ut
234 2541 295 2593 ens,
318 2539 386 2580 cum
400 2531 500 2579 tamen
521 2521 552 2578 in
566 2539 599 2579 se
614 2521 766 2579 entitatem
780 2538 842 2578 non
855 2521 982 2579 habeat»
995 2520 1014 2579 ².
1050 2521 1164 2578 Dicitur

185 2611 285 2687 «quod
306 2610 397 2668 habet
416 2628 481 2669 esse
502 2611 630 2668 obiectivc
643 2617 754 2667 tontum
774 2611 805 2668 in
826 2610 1005 2681 intellectu»,
1027 2610 1045 2667 i.
1063 2627 1089 2667 e.
1107 2627 1164 2668 non

182 2702 273 2760 habet
293 2717 347 2758 ens
367 2699 423 2757 nisi
444 2709 597 2774 tamquam
618 2699 769 2758 obiectum
783 2699 944 2774 cognitum,
966 2716 1035 2756 cum
1050 2700 1164 2757 realiter

182 2807 282 2864 neque
317 2789 353 2846 sit
380 2805 480 2863 neque
514 2806 578 2847 esse
609 2789 702 2864 possit
710 2788 729 2845 ⁸.
778 2788 957 2847 Huiusmodi
987 2797 1055 2846 sunt
1083 2805 1112 2846 e.
1144 2807 1162 2864 g

246 2983 254 3014 ¹
273 2984 313 3033 Cf.
332 2984 397 3048 Log.
417 3001 442 3048 p.
463 2992 504 3045 25.
581 2980 711 3044 'Saurea
732 2982 844 3047 Metaph.
865 2981 930 3047 disp.
951 2991 996 3044 54,
1017 2989 1076 3030 sect.
1101 2995 1125 3041 1,
1146 2981 1163 3029 6,

244 3061 255 3093 ⁸
276 3064 328 3112 «Ce
346 3071 405 3112 sont
423 3063 468 3111 des
487 3063 672 3112 constructions
690 3063 812 3112 mentales
831 3063 874 3128 qui
893 3062 985 3112 offrent
1003 3078 1036 3110 un
1056 3070 1137 3110 terme
1156 3057 1163 3110 i

183 3143 208 3190 la
226 3142 334 3206 pensee,
361 3143 455 3205 aliquid
474 3142 602 3191 obiectum
622 3142 713 3202 menti,
739 3159 773 3191 un
792 3143 862 3208 objet
880 3142 1068 3207 representable
1087 3138 1163 3204 (entia

184 3218 264 3282 ficta),
284 3221 347 3268 mais
366 3236 400 3268 un
419 3230 497 3270 terme
515 3223 558 3285 qui
577 3221 643 3270 n’est
660 3239 706 3287 pas
724 3222 872 3284 realisable,
893 3238 990 3272 comme
1009 3222 1057 3282 tel,
1077 3239 1109 3270 en
1129 3223 1162 3270 de*

185 3299 244 3348 hors
264 3300 296 3346 de
314 3297 424 3363 l’esprit»
447 3297 573 3363 (Mercrier,
593 3302 702 3352 Notions
721 3301 809 3352 d’Ont.
828 3321 853 3367 p.
877 3300 927 3365 ιο).
