2350 3700
382 187 421 222 nu
441 186 648 224 Aucroturnru.
963 175 1011 237 163

86 328 117 407 b)
140 334 345 394 «Potissimum
366 335 455 410 igitur
475 335 643 394 evincenda
664 345 708 393 est
729 335 879 394 authentia
893 337 1013 394 criteriis

31 425 161 492 exturm's,
186 424 351 483 cuiusmodi
371 435 438 483 sunt
457 424 626 483 testimonia
647 424 711 483 aliis
732 424 813 483 libris
834 425 922 484 certis
943 443 1012 484 con-

32 523 123 587 tenta,
152 513 274 571 traditio
304 514 426 589 publica
455 524 486 572 et
514 513 656 572 continua
686 515 725 572 de
755 513 823 573 libri
852 507 1016 587 authentia,

32 601 200 676 praesertim
230 602 255 660 si
284 602 404 662 traditio
435 602 523 661 etiam
553 601 721 661 communis
750 614 795 662 est
823 603 955 678 partibus
983 615 1013 663 et

31 690 203 749 factionibus
217 691 372 749 hominum
393 691 448 750 sibi
470 692 622 768 oppositis,
645 691 725 767 iique
739 710 776 750 ex
789 702 914 768 utraque
928 705 1012 769 parte

31 781 65 838 ad
84 780 193 838 librum
213 792 367 856 tamquam
388 781 589 839 authenticum
610 790 784 856 provocant.
824 783 902 840 Tum
924 782 1012 841 etiam

31 869 179 943 integritas
200 881 230 929 et
250 869 409 928 auctoritas
429 870 497 928 libri
517 870 576 927 iam
598 870 628 928 in
649 879 712 928 tuto
733 882 784 930 est.

85 979 111 1016 2.
136 959 314 1031 ‹Integritas
333 959 410 1030 libri,
432 960 492 1018 ie.
515 977 583 1017 eum
602 977 665 1016 non
679 976 744 1017 esse
759 969 929 1035 corruptum
945 955 1013 1034 (nee

31 1047 190 1105 mutilatum
210 1067 269 1107 nec
290 1043 526 1123 interpolatum),
555 1048 609 1106 sed
630 1049 735 1119 talem,
757 1050 876 1124 qualem
899 1050 1014 1126 scripsit

33 1148 133 1208 auctor,
157 1137 304 1212 cognosci
319 1147 416 1212 potest
434 1137 540 1195 iisdem
554 1137 735 1211 rationibu53
756 1147 844 1213 atque
859 1148 1014 1213 praeterea

34 1225 128 1283 librum
151 1226 253 1284 statim
273 1227 313 1283 ab
334 1225 465 1285 editione
486 1245 539 1285 sua
559 1227 682 1285 multum
710 1227 892 1303 divulgatum
920 1227 950 1285 in
982 1245 1014 1286 re

36 1315 182 1373 cuiuslibet
209 1315 353 1373 momenti
380 1316 546 1391 corrumpi,
581 1315 654 1390 quin
688 1315 719 1374 id
753 1327 950 1391 cognoscatur
985 1327 1015 1375 et

36 1405 200 1479 corrigatur,
222 1403 405 1480 impossibile
427 1415 498 1464 est.»
516 1406 524 1437 ¹

26 1528 27 1566 ,
81 1493 115 1551 C.
144 1493 343 1550 Traduunem
364 1493 495 1568 denique
516 1493 599 1568 quod
620 1493 724 1553 attinet
742 1493 805 1555 sive
825 1496 938 1553 oralem
953 1495 1013 1554 sive

26 1581 179 1657 scriptam,
200 1582 277 1640 haec
297 1592 364 1640 sunt
383 1582 533 1640 notanda:

88 1692 112 1728 1.
142 1673 195 1730 De
222 1671 395 1730 auctoritate
424 1671 607 1746 singulorum
634 1671 751 1730 testium
772 1672 878 1731 seriem
909 1674 1015 1731 consti·

33 1761 173 1818 tuentium
193 1760 224 1818 id
245 1760 430 1819 monendum
451 1771 502 1832 est,
525 1760 607 1835 quod
628 1761 667 1819 de
686 1761 859 1820 auctoritate
873 1761 954 1820 testis
967 1780 1016 1836 ge·

33 1849 154 1909 neratim
177 1862 207 1909 et
234 1850 272 1909 de
300 1849 470 1909 testimonio
497 1850 608 1926 scripto
636 1849 790 1927 speciatim
817 1852 876 1910 iam
905 1869 1016 1910 memo·

35 1951 121 1997 ratum
143 1950 198 1998 est.

88 2050 113 2087 2.
144 2029 323 2087 Cavendum
344 2039 388 2087 est
408 2030 447 2087 ab
468 2048 569 2087 errore
590 2047 708 2100 eorum,
738 2029 788 2104 qui
809 2040 913 2105 putant
940 2029 1017 2088 testi-

35 2117 163 2176 monium
182 2117 342 2176 traditione
363 2118 483 2176 allatum
504 2136 541 2177 eo
563 2136 628 2183 esse
649 2118 806 2190 infirmius,
836 2136 896 2192 quo
921 2119 1017 2176 maior

36 2218 73 2263 est
90 2208 186 2265 series
205 2206 332 2277 testium,
354 2225 409 2281 per
422 2225 498 2282 quos
511 2208 714 2266 transmissum
728 2217 780 2266 est.
809 2210 922 2281 Magna
936 2205 1016 2265 enim

35 2296 145 2353 testium
168 2295 259 2354 series
280 2313 389 2370 augere
410 2296 532 2371 quidem
550 2306 649 2371 potest
661 2297 785 2354 laborum
799 2306 828 2355 et
842 2296 933 2354 animi
947 2314 1017 2354 con·

35 2386 194 2444 tentionem
215 2403 253 2443 ex
274 2402 326 2454 e0,
355 2386 437 2459 quod
458 2384 538 2442 circa
559 2386 704 2444 maiorem
724 2384 841 2443 testium
861 2403 1016 2443 numerum

34 2484 97 2531 tunc
111 2473 296 2532 instituenda
310 2482 354 2532 est
367 2473 536 2548 inquisitio,
556 2474 610 2532 sed
624 2492 687 2531 non
702 2493 739 2533 eo
754 2474 819 2550 ipso
833 2474 1017 2532 obscuriorem

34 2563 127 2621 reddit
147 2562 415 2637 investigationem.
455 2563 545 2621 Clara
565 2561 646 2622 enim
667 2563 756 2621 etiam
778 2564 815 2621 de
837 2564 957 2622 remotis
978 2573 1018 2620 te-

34 2651 119 2710 stibus
141 2653 247 2710 adesse
268 2661 392 2726 possunt
414 2651 595 2710 auctoritatis
625 2652 810 2724 testimonia,
842 2652 880 2711 de
911 2652 1017 2727 quibus

36 2758 118 2815 supra
139 2740 275 2798 diximus

89 2849 116 2902 3.
146 2829 324 2888 Cavendum
344 2829 415 2887 item
436 2840 481 2888 est
501 2830 540 2887 ab
561 2848 662 2889 errore
684 2849 796 2901 eorum,
821 2830 872 2905 qui
892 2828 1018 2887 necessi·

37 2928 120 2976 tatem
155 2917 317 2977 testimonii
346 2918 467 2976 humani
497 2918 537 2976 ad
566 2920 642 2977 facta
675 2919 902 2995 comprobanda
932 2936 1018 2992 exag-

37 3018 143 3080 gerant.

90 3097 165 3155 Sunt
185 3096 267 3155 enim
288 3097 353 3171 qui,
384 3104 580 3169 argumentum
609 3098 769 3171 negativum
799 3096 881 3171 quod
908 3106 1017 3155 vocant

40 3186 234 3244 vehementius
261 3185 406 3260 amplexi,
434 3185 589 3260 prudentis
615 3204 680 3244 esse
708 3195 859 3243 autument
879 3185 929 3242 illa
954 3185 1017 3241 sola

71 3418 76 3424 .
95 3376 103 3407 ¹
122 3380 196 3427 Frick
213 3378 231 3426 1.
252 3394 274 3426 c.
293 3395 319 3443 p.
340 3380 399 3439 267.

802 3464 855 3509 11*
