2350 3700
188 165 226 201 DE
246 164 371 201 nemone
390 164 426 201 ET
446 165 484 201 DE
503 164 638 201 PASSIONE
657 164 720 201 SIVE
740 165 778 201 DE
798 164 904 201 CAUSIS.
988 166 1039 215 303

112 330 141 382 4.
158 312 287 370 Ratione
296 314 465 387 quantitatis
476 312 604 386 inflantis
613 322 657 369 est
666 313 713 370 vel
727 313 825 370 totalis
838 314 885 369 vel
900 312 1039 388 partialis.

117 400 227 459 Tatalzi
247 412 298 471 est,
321 419 398 475 quae
419 402 483 460 sola
502 412 596 459 totum
617 402 756 459 effectum
776 401 923 476 producit.

110 489 253 547 Partzalis
279 509 316 549 ea
343 502 402 561 est,
431 509 508 566 quae
537 491 676 549 effectum
705 490 844 565 producit
873 510 940 549 cum
971 510 1041 549 con-

47 579 143 637 sortio
165 579 291 639 alterius.
335 580 366 637 Si
392 581 492 655 plures
511 579 648 638 homines
669 597 694 637 e.
717 598 745 654 g.
767 579 854 638 simul
880 591 1041 656 operantur

46 668 79 725 in
106 668 217 727 eodem
245 688 318 744 agro
347 668 535 740 effodiendo,
565 668 672 743 singuli
698 678 767 727 sunt
793 688 883 728 causa
909 670 1040 745 partialis

46 758 140 816 totius
160 758 290 819 effectus

112 862 140 922 5.
172 847 300 905 Ratione
332 849 524 906 similitudines
552 848 673 906 effectus
702 867 770 906 cum
798 866 902 919 causa,
933 847 1040 906 dicitur

47 936 182 994 univoca
201 938 249 995 vel
271 938 444 1012 aequivoca.

111 1025 211 1084 Causa
230 1028 350 1085 nniaaca
370 1037 415 1085 est
434 1046 538 1098 causa,
569 1044 647 1101 quae
668 1026 808 1102 producit
827 1027 967 1084 effectum
987 1026 1042 1083 sibi

44 1115 169 1174 similem
189 1116 287 1189 quoad
308 1118 429 1191 speciem.
472 1116 610 1190 Quercus
630 1132 656 1173 e.
679 1133 706 1189 g.
729 1126 774 1174 est
801 1134 891 1174 causa
911 1115 1039 1174 univoca

44 1222 188 1280 quercus.

111 1294 210 1351 Causa
231 1296 379 1367 aaqniaaca
399 1313 436 1353 ea
456 1306 514 1366 est,
544 1312 621 1370 quae
649 1293 788 1369 producit
815 1294 954 1351 effectum
982 1314 1038 1352 nan

43 1386 102 1441 sibi
123 1383 240 1441 similem
260 1384 357 1457 quoad
372 1386 492 1459 speciem.
529 1384 579 1441 Sol
601 1401 627 1441 e.
648 1401 676 1457 g.
699 1392 743 1441 est
764 1401 852 1440 causa
873 1382 1038 1458 aequivoca

41 1475 227 1549 plantarum.

108 1564 137 1619 6.
161 1560 300 1635 Denique
322 1561 436 1619 ratione
457 1562 547 1631 madi,
571 1579 632 1636 quo
653 1580 742 1619 causa
763 1562 802 1619 ad
823 1561 974 1637 agendum
994 1562 1038 1618 de·

40 1651 231 1717 terminatur,
255 1659 299 1709 est
318 1652 366 1709 vel
386 1650 555 1709 necessaria
577 1645 737 1725 (naturalis)
759 1652 807 1709 vel
828 1651 929 1709 libera.

105 1738 281 1797 Necessaria
302 1758 338 1798 ea
359 1750 411 1810 est,
434 1758 521 1814 quae,
543 1739 647 1815 positis
668 1740 806 1799 omnibus
826 1740 866 1798 ad
886 1739 1036 1815 agendum

38 1827 204 1906 requisitis,
220 1830 366 1887 intrimace
375 1828 414 1887 ad
429 1829 568 1888 effectum
577 1829 805 1906 producendum
815 1828 1034 1889 determinatur.

39 1919 129 1996 Ignis
152 1935 177 1975 e.
200 1936 228 1993 g.
250 1929 294 1976 est
314 1937 404 1977 causa
424 1919 593 1978 necessaria
613 1919 834 1978 combustionis.

107 2007 217 2065 Libera
237 2025 273 2066 ea
294 2019 346 2080 est,
369 2025 454 2083 quae,
477 2009 580 2084 positis
603 2008 741 2067 omnibus
762 2009 801 2067 ad
822 2009 972 2084 agendum
993 2026 1036 2065 re-

38 2096 176 2175 quisitis,
199 2099 345 2155 intrinsece
365 2117 421 2156 non
441 2099 648 2156 determinatur
667 2098 706 2156 ad
726 2098 892 2173 agendum,
921 2097 975 2156 sed
995 2097 1037 2153 in-

38 2188 191 2247 differens
211 2197 320 2245 manet.
363 2188 412 2246 Sic
432 2187 524 2246 homo
545 2188 591 2246 his
612 2187 644 2244 in
664 2187 749 2246 terris
770 2197 814 2245 est
834 2206 922 2246 causa
942 2186 1037 2244 libera

37 2278 151 2346 cultus,
174 2293 264 2349 quem
284 2278 352 2335 Deo
374 2276 501 2335 exhibet.

253 2455 276 2506 3.
302 2447 342 2495 De
361 2448 499 2494 exsistentia
517 2463 652 2494 camaram
670 2446 835 2511 effia'entium.

108 2577 156 2625 Ad
174 2584 278 2626 statum
304 2578 487 2640 quaestionis.
530 2569 689 2642 Quaeritur
716 2570 781 2641 hic,
809 2579 905 2627 utrum
933 2585 1037 2625 revera

37 2660 123 2718 inter
139 2673 187 2714 res
202 2667 315 2716 creatas
330 2657 366 2716 sit
380 2658 483 2717 relatio
499 2658 684 2732 causalitatis,
707 2659 826 2734 qualem
839 2659 935 2734 ipsam
949 2675 1038 2731 supra

37 2745 277 2822 declaravimus:
309 2757 406 2806 utrum
434 2746 547 2806 seilicet
573 2765 621 2806 res
650 2749 707 2807 sint
728 2749 802 2806 aliae
829 2746 894 2805 aliis
914 2747 955 2804 ita
975 2764 1037 2804 suc·

39 2837 206 2907 cedentes,
235 2846 267 2893 ut
294 2837 332 2894 ab
360 2837 431 2912 ipsis
452 2838 599 2894 intrinsece
619 2838 806 2914 dependeant,
831 2855 944 2910 necne,
973 2834 1037 2893 aliis

38 2923 161 2984 verbis:
191 2933 287 2982 utrum
308 2935 472 3001 conceptus
499 2944 622 2997 causae,
652 2945 741 3000 quern
762 2927 915 2997 habemus,
938 2927 974 2983 sit
994 2926 1036 2982 ab·

38 3016 162 3073 iectzans
183 3032 223 3071 an
243 3012 430 3087 subiectivuS,
452 3015 470 3072 i.
494 3032 518 3073 e.
540 3033 656 3074 merum
677 3017 850 3090 figmentum
871 3014 986 3072 mentis.

106 3106 173 3161 Iam
200 3119 272 3160 vero
300 3105 434 3161 sensistae
454 3098 584 3177 (Locke,
607 3100 719 3179 Hume)
742 3114 772 3162 et
786 3105 967 3180 positivistac
986 3104 1037 3161 ho-

37 3192 143 3253 dierni
167 3186 284 3266 (Taine)
299 3194 314 3262 ¹,
345 3211 413 3251 cum
441 3204 621 3269 conceptum
650 3211 771 3251 omnem
800 3194 1036 3269 metaphysicum

112 3350 120 3380 ¹
141 3351 180 3400 Cf.
201 3352 298 3416 Logica
317 3369 343 3417 p.
366 3361 414 3412 117
435 3369 472 3416 sq.
