2350 3700
244 124 284 160 DE
304 124 453 160 DIVISIONE
472 124 710 160 PROPOSITIONUM
729 124 903 160 smpuclt'ut.
1036 125 1070 174 39

102 271 188 320 Homo
289 271 414 330 stituitur
428 272 512 330 notio
527 273 665 343 hominis,
681 272 817 331 tribuitur
831 273 921 344 leoni,
936 274 1003 332 sed:
1018 275 1069 330 ali·

288 380 347 436 quo
360 378 397 417 ex
414 362 496 429 notis,
519 360 626 435 quibus
647 361 834 419 constituitur
855 357 1069 436 (rationalitas),

230 476 233 480 ·
289 467 351 508 non
367 449 456 507 estin
470 450 569 521 leone,
584 451 648 507 vel:
663 450 712 507 leo
727 451 823 508 nullus
831 461 877 508 est
886 468 924 508 ex
932 449 975 518 iis,
992 469 1069 526 quae

75 599 82 616 x
290 548 357 598 sunt
376 538 409 595 in
430 538 605 596 extensione
627 537 713 596 ideae
731 538 869 609 hominis,
890 551 924 596 ut
936 557 974 598 ex
987 541 1035 615 fig.
1051 560 1070 612 4

82 617 192 704 &a
289 637 422 703 apparet.
466 629 554 684 Haec
575 626 677 685 omnia
698 627 876 702 cuicumque
903 627 934 684 in
961 627 1071 686 iudicia

290 734 341 774 sua
361 715 525 775 reflexione
546 715 684 774 redeunti
706 716 786 774 clare
806 728 961 792 apparent.

99 750 154 849 O
193 795 208 825 ⁰
343 805 518 863 Notandum
539 815 641 863 tamen
664 823 701 862 ex
729 816 814 880 parte
842 807 981 863 materiae
1007 807 1070 864 fieri

125 881 178 933 ¹²³⁸·
196 896 215 930 ⁴·
290 912 394 970 posse,
422 904 456 951 ut
475 893 506 950 in
528 893 734 968 propositione
762 894 928 952 affirmante
956 895 1071 971 praedi-

67 995 180 1042 catum
200 994 332 1042 sumatur
352 982 517 1041 secundum
538 993 633 1040 totam
653 1001 736 1040 suam
757 984 977 1043 extensionem:
1000 1002 1071 1060 quo

67 1073 266 1148 tiescumque
287 1072 426 1130 nimirum
447 1071 655 1147 praedicatum
675 1081 720 1129 est
740 1073 883 1131 terminus
905 1072 1069 1148 singularis,

68 1163 123 1220 vel
146 1160 316 1238 propositio
337 1161 475 1238 exprimit
496 1161 710 1230 definitionem,
732 1181 760 1219 v.
775 1180 803 1236 g.
827 1161 892 1220 «ille
913 1163 1005 1220 homo
1026 1173 1071 1221 est

69 1253 256 1326 Socrates»3
280 1251 388 1310 «homo
410 1260 456 1309 est
476 1249 586 1308 animal
607 1249 780 1308 rationale».

211 1459 213 1464 ,
290 1407 307 1474 ξ
327 1423 352 1459 2,
382 1413 426 1459 Ex
444 1419 521 1473 parte
541 1411 704 1471 quantitatis
723 1412 864 1460 materiae.

138 1527 171 1586 Si
194 1524 401 1586 consideratur
422 1525 566 1583 habitudo
587 1525 753 1601 praedicati
775 1526 814 1583 ad
835 1525 1000 1584 subiectum
1028 1544 1070 1584 se

72 1617 212 1674 cundum
235 1617 422 1674 extensionem
443 1615 583 1686 subiecti,
612 1615 778 1689 propositio
798 1615 939 1674 dividitur
958 1615 990 1671 in
1010 1617 1070 1672 uni·

72 1707 228 1775 versalem,
244 1705 462 1781 particularem,
484 1705 667 1776 singularem,
689 1705 872 1779 indefinitam.

139 1788 163 1843 Ι.
188 1785 357 1862 Propositio
378 1786 549 1842 unr'versalis
570 1803 607 1842 ea
628 1795 687 1856 est,
709 1783 740 1841 in
762 1803 821 1860 qua
841 1783 1006 1842 subiectum
1027 1795 1071 1842 est

65 1876 224 1934 terminus
245 1874 432 1945 universaliS,
461 1884 490 1933 et
511 1874 715 1949 praedicatum
743 1874 782 1932 de
809 1874 874 1949 ipso
902 1873 1070 1931 enuntiatur

71 1966 230 2023 secundum
250 1972 339 2023 tetam
361 1974 422 2022 eiua
441 1964 643 2031 extensionem,
672 1984 698 2020 v.
721 1982 748 2037 g.
775 1962 1001 2020 «omnishomo
1027 1974 1070 2020 est

72 2054 191 2113 animal
213 2054 396 2125 rationale»;
420 2054 533 2111 «nullus
554 2053 603 2110 leo
624 2063 669 2110 est
689 2053 809 2110 homo».

139 2144 276 2218 Quando
297 2162 370 2201 vero
392 2142 499 2201 dicitur
515 2142 686 2200 attributum
701 2141 868 2216 praedicari
883 2141 921 2199 de
936 2142 1069 2199 subiecto

71 2233 245 2291 secundum
259 2243 354 2290 totam
368 2232 430 2290 eius
445 2231 658 2301 extensionem,
674 2232 750 2288 haec
759 2230 962 2288 universalitas
972 2235 1069 2306 potest

71 2341 142 2381 esse
165 2321 283 2397 triplex,
306 2320 459 2378 nimirum:

141 2432 167 2469 1.
191 2410 406 2485 Metoplrysiea:
422 2409 548 2482 Quoties
563 2409 733 2466 attributum
748 2408 937 2484 praedicatur
951 2410 989 2466 de
1004 2410 1069 2467 sub·

71 2500 158 2559 iecto
181 2500 346 2558 secundum
367 2509 461 2557 totam
483 2499 545 2557 eius
566 2498 786 2568 extensionem,
815 2497 885 2572 quia
905 2497 1001 2573 ipsum
1023 2516 1067 2554 ex-

71 2590 153 2646 hibet
174 2596 270 2646 notam
285 2590 473 2664 pertinentem
494 2588 589 2661 alr'que
610 2586 689 2643 nmdo
710 2587 752 2644 od
767 2587 881 2644 subiecti
905 2588 1068 2658 essentiam,-

71 2700 100 2737 v.
117 2698 146 2754 g.
175 2678 284 2735 «homo
306 2688 350 2736 est
371 2678 480 2735 animal
496 2676 678 2749 rationale»;
703 2677 811 2734 «homo
827 2686 871 2733 est
885 2675 1065 2734 rationalis».

73 2772 110 2826 In
131 2768 195 2826 hoc
217 2785 288 2825 casu
309 2777 370 2825 tam
391 2765 596 2824 universaliter
618 2764 760 2823 convenit
777 2764 919 2828 subiecto,
941 2774 973 2822 ut
987 2766 1067 2823 nulla

72 2856 140 2915 fieri
162 2855 258 2931 possit
279 2855 425 2931 excepti0,
447 2873 482 2912 ne
501 2855 637 2911 meraculo
657 2854 775 2928 quidem.

137 2966 166 3004 2.
189 2945 311 3019 Physica
319 2967 329 3002 .·
352 2944 383 3002 Si
404 2944 575 3001 attributum
596 2942 788 3019 praedicatur
809 2942 847 3001 de
869 2943 1002 3001 subiecto
1024 2963 1067 3003 se·

73 3036 211 3095 cundum
232 3045 325 3092 totam
346 3033 408 3092 eius
423 3033 638 3103 extensionem,
661 3031 731 3109 quia
746 3033 856 3090 exhibet
868 3040 973 3103 netem,
994 3054 1067 3109 quae

72 3126 206 3184 convenit
231 3122 367 3199 subiecto,
392 3141 455 3181 non
476 3132 508 3179 ut
528 3120 641 3195 aliquid
663 3120 701 3179 ad
723 3122 882 3180 essentiam
901 3121 1063 3197 pertinens,

73 3214 127 3273 sed
148 3220 185 3271 ut
204 3211 317 3287 alr'qrez'ei
332 3212 410 3287 quod
426 3210 574 3268 secundum
595 3210 681 3283 legem
701 3216 825 3269 naturae
844 3212 875 3267 in
896 3213 955 3286 ipse
978 3212 1066 3269 inesse

74 3305 149 3362 solet.
194 3304 231 3360 E.
254 3319 282 3376 g.
307 3318 429 3360 «omnes
450 3300 565 3375 lapides
587 3310 654 3355 sunt
675 3316 798 3371 graves»
823 3295 851 3371 (i.
875 3316 900 3355 e.
930 3311 1064 3355 centrum
