2350 3700
451 171 489 207 DE
509 172 595 208 MALo.

344 324 361 390 ἓ
382 341 404 375 2.
437 328 554 390 Species
572 328 702 378 malitiae.

90 446 289 525 Distinguitur
309 450 490 525 generatim:

89 550 114 605 Ι.
146 547 262 605 Malitia
279 548 413 625 physica,
443 559 601 624 quaeest:
629 550 913 609 non-convenientia
943 550 1019 608 entis

29 636 221 695 determinati
236 656 304 695 cum
318 638 450 714 appetitu
467 648 589 721 propter
606 639 757 697 defectum
771 638 893 697 alicuius
906 640 1019 715 perfec-

29 724 129 797 tioniS,
153 744 242 801 quam
257 728 421 786 secundum
436 726 615 803 exigentiam
636 746 705 787 suae
719 737 842 808 naturae
857 728 1020 787 formaliter

28 816 184 891 inspectae
213 816 325 875 habere
353 816 451 875 debet.
495 812 683 893 (Exemplum
711 828 742 875 ut
769 836 872 893 supra,
901 818 952 875 ubi
980 815 1018 875 de

29 904 167 963 bonitate
190 905 313 981 physica
334 922 432 963 sermo
454 899 538 981 erat.)
575 942 578 948 -

88 1004 130 1061 ΙΙ.
153 1003 268 1061 Malitia
287 1005 419 1062 moralis:
439 1004 723 1063 uon-convenientia
742 1005 817 1063 entis
832 1005 1019 1063 determinati

29 1111 98 1150 cum
114 1091 248 1167 appetitu
268 1103 392 1168 propter
406 1094 557 1152 desectum
570 1092 692 1152 alicuius
706 1093 906 1169 perfectionis,
929 1112 1020 1169 quam

27 1183 144 1240 habere
166 1181 257 1240 debet
277 1182 441 1241 secundum
462 1182 640 1258 exigentiam
661 1182 784 1241 alicuius
811 1184 931 1258 regulae
959 1202 1020 1241 mo-

28 1272 109 1342 raliS,
133 1270 182 1327 cui
203 1272 338 1331 voluntas
359 1270 508 1330 subicitur.

89 1448 240 1498 scholion.
274 1440 447 1500 Notandum
468 1451 513 1499 est
533 1440 622 1499 uliam
643 1442 819 1499 relationem
839 1459 887 1499 res
907 1441 1018 1499 habere

26 1548 97 1587 cum
127 1530 280 1587 voluntate
301 1530 376 1601 Dei,
406 1530 495 1587 aliam
522 1548 591 1589 cum
618 1532 768 1589 voluntate
795 1539 906 1589 nostra.
944 1530 1020 1587 «Vo-

24 1620 129 1677 luntas
158 1617 239 1676 enim
266 1629 367 1677 nostra
393 1638 455 1677 non
484 1628 529 1677 est
556 1637 645 1677 causa
665 1619 805 1677 bonitatis
827 1638 938 1690 rerum,
967 1618 1020 1676 sed

24 1710 64 1766 ab
89 1727 129 1766 ea
149 1718 286 1767 movetur
307 1707 381 1767 sieut
401 1708 440 1767 ab
461 1708 598 1784 obiecto3
625 1727 709 1767 amor
736 1718 852 1781 noster,
881 1725 942 1783 quo
969 1708 1021 1765 bo·

22 1816 103 1856 num
126 1796 214 1856 alicui
234 1798 383 1869 volumus,
410 1816 474 1857 non
495 1808 540 1858 est
561 1816 649 1857 causa
669 1797 809 1857 bonitatis
830 1797 936 1872 ipsius3
967 1797 1019 1856 sed

24 1906 42 1946 e
74 1905 241 1957 converso,
277 1887 394 1946 bonitas
422 1887 484 1946 eius
512 1889 559 1946 vel
586 1906 657 1946 vera
686 1889 734 1947 vel
767 1887 921 1945 aestimata
954 1904 1020 1962 pro·

21 1985 122 2034 vocat
151 1993 301 2047 amorem,
333 1995 393 2051 quo
424 1977 451 2036 ei
481 1977 617 2036 volumus
647 1988 677 2035 et
706 1978 818 2035 bonum
849 1976 1021 2034 conservari

22 2064 116 2141 quod
137 2065 236 2137 habet,
260 2075 289 2123 et
309 2065 380 2125 addi
402 2066 483 2142 quod
504 2083 567 2124 non
588 2066 687 2138 habet,
709 2075 740 2124 et
765 2075 797 2123 ut
819 2065 859 2124 ad
879 2066 938 2123 hoc
953 2082 1022 2140 ope-

20 2171 141 2214 remur.
172 2154 231 2213 Sed
253 2173 336 2213 amor
357 2156 416 2213 Dei
437 2165 481 2214 est
494 2154 680 2230 profundens
694 2166 724 2214 et
738 2172 843 2213 creans
856 2154 1020 2213 bonitatem

18 2245 51 2303 in
78 2244 226 2303 rebus.»¹

88 2334 141 2392 Ex
161 2332 207 2391 his
226 2333 363 2391 omnibus
384 2334 481 2392 elucet
494 2333 602 2392 veritas
622 2334 835 2392 nonnullorum
856 2334 1020 2390 effatorum.

20 2425 57 2482 E.
85 2437 137 2499 g.:
932 2412 935 2420 ’

89 2523 117 2580 Ι.
141 2519 258 2578 Bonum
279 2527 320 2577 est
338 2521 371 2577 di
395 2522 505 2600 urinum
525 2523 585 2590 sui,
614 2521 632 2579 i.
656 2538 681 2578 e.
710 2521 750 2578 ad
776 2520 922 2578 rationem
950 2519 1023 2576 boni

17 2609 173 2688 pertinet,
198 2619 229 2667 ut
250 2627 281 2668 se
303 2628 370 2667 cum
391 2609 454 2667 aliis
476 2609 685 2681 communicet,
710 2609 818 2668 eodem
838 2608 939 2681 modo,
962 2625 1022 2683 quo

18 2703 64 2760 ad
101 2698 252 2758 rationem
272 2699 337 2757 finis
363 2697 492 2774 pertinet
518 2715 640 2757 movere
668 2708 698 2756 et
724 2697 889 2756 bonitatem
917 2696 1023 2756 mediis

14 2786 268 2849 communicare.

91 2889 132 2945 ΙΙ.
162 2887 278 2944 Bonum
298 2893 394 2944 estex
414 2889 527 2960 integra
548 2905 649 2955 causa,
677 2887 783 2943 malum
808 2905 844 2943 ex
864 2887 961 2961 quouis
981 2886 1025 2942 de·

13 2981 118 3054 fectu.
163 2975 289 3035 Constat
314 2973 399 3034 huius
427 2976 507 3034 effati
529 2973 637 3034 veritas
662 2992 699 3033 ex
719 2975 769 3046 iis,
800 2992 876 3051 quae
897 2973 1023 3033 diximus

13 3071 115 3130 circa
136 3075 274 3124 naturam
294 3064 434 3124 bonitatis
454 3064 597 3140 physicae
617 3073 648 3122 et
667 3064 808 3122 bonitatis
828 3064 956 3122 moralis.

93 3167 148 3223 III.
178 3163 331 3239 Cori-aptio
351 3163 449 3240 optimi
461 3165 594 3240 pessima.

98 3358 106 3388 ¹
125 3360 152 3409 S.
178 3357 272 3419 Thom„
292 3359 317 3408 S.
338 3359 415 3408 theol.
436 3360 455 3418 l,
476 3375 499 3422 q.
521 3371 562 3418 20,
582 3375 604 3405 a.
625 3369 649 3406 2.

807 3452 836 3502 17
847 3442 861 3470 ‘
