2350 3700
399 152 437 189 DE
456 152 699 189 INTELLEGENTIA.
994 153 1045 203 149

121 316 146 372 3.
162 298 331 358 Universale
344 302 489 375 reflexum,
504 310 536 359 ut
550 301 617 373 tale,
633 301 672 359 ab
687 300 837 360 intellectu
852 301 1044 361 constituitur.

65 389 234 447 Universale
256 389 336 449 enim
356 398 390 447 ut
408 392 567 448 unt'versale
594 400 639 449 est
658 390 782 465 aliquod
801 409 892 449 unum
914 390 1046 466 pluribus

63 478 315 551 communicabile,
331 480 384 539 sed
398 481 457 538 tale
471 498 524 539 ens
534 490 617 539 extra
625 489 758 538 mentem
772 480 803 537 in
818 481 905 539 rebus
920 479 1045 555 singula·

61 566 134 625 ribus
144 568 285 629 exsistere
295 587 358 627 non
367 587 465 646 posse,
476 587 565 645 supra
575 569 757 628 ostendimus
766 564 805 645 (p.
818 565 894 644 147).
910 569 1045 628 Efficitur

61 656 183 732 proinde
206 660 246 717 ab
268 660 418 718 intellectu
438 668 524 717 notas
544 657 764 717 individuantes
785 660 982 718 abstrahente.

115 768 141 819 4.
164 747 213 806 Fit
228 759 328 808 tamen
342 750 418 808 haec
433 749 567 826 operatio
581 767 642 806 cum
656 748 848 823 fundamento
868 750 899 806 in
919 767 960 818 re,
982 748 1000 807 i.
1016 766 1043 809 e.

60 846 177 912 propter
198 840 347 897 rationem
368 858 405 897 ex
425 838 496 915 ipsis
517 840 606 897 rebus
626 838 821 915 desumptam.

113 927 184 985 Non
201 945 347 1003 negamus
362 928 486 1004 quidem
499 929 583 986 huius
596 926 779 1005 operationis
793 926 939 987 rationem
953 928 1043 986 ullam

59 1016 178 1075 inveniri
193 1017 227 1075 in
242 1018 308 1094 ipso
322 1018 491 1077 intellectu:
514 1018 741 1077 fundamentum
755 1017 836 1077 enirn
850 1016 1044 1077 subiectivum

59 1106 222 1165 huiusmodi
237 1108 420 1183 operationis
438 1118 483 1167 est
503 1109 568 1184 ipsa
588 1108 775 1183 imperfectio
796 1108 969 1178 intellectus,
992 1106 1043 1182 qui

22 1201 28 1229 t
61 1213 117 1253 rem
136 1213 232 1254 unam
246 1215 308 1267 uno
322 1207 471 1274 conceptu
485 1199 654 1274 adaequato
673 1198 839 1275 exprimere
861 1214 923 1255 non
937 1196 1041 1255 valeat.

61 1284 113 1343 Sed
147 1296 257 1345 contra
291 1288 553 1363 conceptualistas,
589 1288 641 1362 qui
674 1287 887 1346 universalibus
920 1303 1043 1344 omnem

21 1419 22 1429 ,
60 1375 200 1435 rationem
223 1376 403 1436 obiectivam
417 1378 559 1450 adimunt,
582 1378 790 1437 contendimus
810 1376 987 1435 universalia
1001 1392 1043 1434 re-

21 1473 27 1534 }
61 1463 127 1522 flexa
147 1475 180 1524 ut
201 1466 274 1525 talia
294 1467 406 1525 habere
428 1467 654 1526 fundamentum
674 1467 706 1524 in
727 1467 815 1527 rebus
835 1465 915 1541 ipsis.

113 1554 208 1627 Quod
230 1554 354 1634 quidem
374 1557 601 1615 fundamentum
622 1574 727 1615 revera
753 1555 899 1614 invenitur
926 1555 958 1613 in
979 1555 1043 1629 ipsa

60 1661 151 1701 rerum
166 1656 336 1704 creatarum
350 1648 562 1722 naturafinita.
598 1646 660 1705 Res
674 1646 755 1704 enim
769 1655 895 1716 creatae,
918 1661 955 1703 eo
976 1644 1042 1718 ipso

63 1733 136 1807 quod
163 1745 233 1793 sunt
259 1735 375 1807 finitae,
404 1736 435 1794 in
456 1754 509 1795 suo
531 1754 596 1795 esse
623 1736 755 1810 singulae
782 1752 844 1792 non
866 1750 956 1791 omne
977 1750 1042 1791 esse

63 1824 220 1897 continent,
243 1826 408 1884 sedunam
429 1835 541 1884 tantum
561 1826 610 1885 vel
631 1826 720 1883 aliam
743 1824 973 1901 perfectionem,
1003 1823 1043 1881 ita

63 1922 90 1969 ut
107 1916 275 1990 superiores
295 1916 426 1974 habeant
446 1915 491 1987 id,
514 1917 596 1992 quod
616 1916 728 1975 habent
748 1915 920 1988 inferiores,
942 1923 973 1973 et
993 1913 1044 1971 ali·

63 2002 127 2075 quid
148 2004 231 2064 aliud
246 2005 477 2080 superadditum.
512 2007 656 2064 Plantae.
671 2024 700 2082 g.
721 2005 813 2064 habet
826 2004 1043 2081 perfectionem

64 2092 244 2153 mineralium
254 2104 284 2153 et
294 2095 416 2170 insuper
425 2095 625 2171 perfectiones
633 2096 710 2154 vitae
720 2095 918 2172 vegetativae3
933 2092 1042 2152 animal

64 2198 127 2240 vero
147 2183 194 2244 his
216 2184 336 2243 essendi
356 2185 520 2244 rationibus
547 2185 636 2242 aliam
657 2184 873 2261 perfectionem
894 2183 1042 2242 adiectam

64 2267 152 2344 habet,
167 2274 388 2349 perfectionem
399 2275 512 2334 scilicet
525 2274 603 2332 vitae
617 2275 790 2348 sensitivae3
804 2273 896 2332 homo
911 2273 1042 2347 denique

64 2359 89 2416 in
108 2380 137 2420 se
152 2364 289 2423 continet
309 2365 507 2440 perfectiones
522 2381 627 2422 omnes
640 2365 719 2423 vitae
739 2364 932 2439 vegetativae,
953 2361 1042 2420 sensi·

64 2449 140 2523 tivae,
156 2453 318 2514 rationalis,
344 2455 390 2511 lta
398 2455 437 2527 fit,
453 2463 485 2512 ut
493 2454 524 2512 in
538 2453 610 2530 ipsis
620 2454 707 2513 rebus
716 2454 883 2513 intellectus
896 2451 1042 2510 rationem

21 2575 22 2582 κ
64 2538 201 2616 inveniat,
229 2552 353 2619 propter
381 2561 469 2619 quam
498 2561 588 2602 unam
610 2543 826 2619 perfectionem
849 2541 905 2600 sibi
926 2558 1042 2616 reprae-

63 2639 172 2690 sentare
186 2633 280 2708 possit
293 2633 357 2690 sine
371 2633 436 2704 alia,
459 2644 489 2691 et
503 2643 721 2708 consequenter
734 2633 915 2709 quidditatem
934 2647 1040 2701 rerum,

65 2717 119 2777 sine
138 2722 218 2780 notis
238 2721 489 2781 individuantibus
517 2717 753 2799 (fundamentum
781 2722 961 2780 obiectivum
981 2722 1042 2779 uni·

63 2805 256 2887 venalitatis),
270 2811 312 2869 ita
320 2813 409 2871 etiam
418 2813 458 2885 fit,
473 2822 505 2870 ut
519 2813 550 2870 in
564 2813 635 2888 ipsis
650 2813 738 2871 rebus
752 2812 897 2870 rationem
912 2811 1040 2887 detegat,

65 2909 178 2974 propter
199 2919 290 2976 quam
311 2902 350 2960 de
371 2921 403 2962 re
424 2902 548 2978 physica
567 2920 628 2960 una
649 2896 792 2977 (homine)
814 2911 952 2976 quattuor
973 2919 1042 2960 con·

20 2999 22 3050 l
65 2997 157 3061 ceptus
179 2989 236 3047 sibi
258 2991 415 3051 efformare
436 2991 544 3068 possit,
574 3009 700 3066 quorum
721 2993 852 3050 rationes
874 2990 1041 3049 obiectivae

20 3124 28 3170 ἱ
66 3088 201 3152 apparent
214 3089 247 3137 ut
256 3097 376 3155 genera,
392 3081 516 3157 species,
532 3081 699 3140 differentia
709 3081 850 3158 specifica
860 3076 986 3157 (corpus,
1002 3079 1042 3138 vi·

20 3171 22 3182 ’
65 3183 134 3240 vens,
151 3169 289 3242 sentiens,
306 3165 476 3246 rationale):
493 3171 573 3229 aliud
586 3181 618 3229 ut
632 3170 818 3246 perfectibile
828 3171 897 3230 etin
908 3170 1041 3246 potentia

68 3249 178 3332 (genus),
201 3258 282 3318 aliud
304 3255 483 3335 (differentia
504 3256 653 3336 specifica)
672 3270 703 3320 ut
717 3262 919 3320 determinans
934 3270 963 3318 et
977 3279 1041 3336 per-

67 3344 156 3406 ficiens
172 3343 408 3424 (fundamentum
429 3351 655 3410 universalitatis
677 3353 811 3422 reflexae,
833 3363 864 3409 ut
885 3346 970 3423 talis).
