2350 3700
109 116 162 172 354
388 119 427 155 ott
446 118 635 164 Quartrttn'rz
654 118 815 155 CORPORUM.

169 274 362 325 Corollartum.
400 268 448 325 Ex
466 265 514 323 his
533 265 676 342 sequitur,
696 274 729 324 ut
748 282 851 341 neque
871 268 1001 341 spatirem
1019 264 1105 323 huius
1154 296 1162 345 ;

108 356 213 415 mundi
240 372 343 431 neque
368 363 475 432 tempus
501 356 581 414 reale
607 364 676 413 actu
703 354 740 413 sit
765 354 923 413 infinitum.
967 354 1106 413 Potentia

108 455 210 503 tamen
236 457 395 520 utrumque
421 444 567 503 infinitum
595 461 660 503 esse
687 453 769 503 recte
797 443 922 517 dicitur,
955 462 996 503 eo
1018 462 1105 503 sensu
1161 452 1162 457 ’

109 535 201 610 quod,
223 544 497 609 quantumcumque
517 544 570 605 est,
593 532 687 591 maius
707 550 827 609 semper
847 552 915 593 esse
937 543 1047 609 potest

169 626 218 682 De
238 634 375 699 ternpore
395 640 467 681 vero
488 623 573 681 huius
594 622 698 680 mundi
718 622 836 681 uberius
857 623 938 681 infra
960 624 1106 695 dicemus,

108 712 160 775 ubi
180 714 220 771 de
240 724 377 788 tempore
398 710 558 771 creationis
578 729 678 770 sermo
700 712 763 771 erit.

490 894 658 944 Aancunos
677 904 720 944 111.

297 1008 346 1057 DE
364 1008 640 1058 DIVISIBILITATE
659 1007 908 1071 QUANTITATIS.

170 1133 405 1193 Duiatittatem
414 1134 522 1192 scimus
535 1151 602 1195 esse
609 1134 816 1209 proprietatem
829 1134 921 1202 illum,
935 1152 996 1207 qua
1004 1138 1110 1209 partes
1161 1176 1162 1209 p

110 1230 241 1280 extensae
260 1230 289 1281 et
306 1225 404 1281 unitae
422 1224 556 1298 separari
567 1229 697 1298 possent.
1161 1210 1162 1285 l

171 1312 304 1371 Dubium
317 1312 441 1388 quidem
452 1330 517 1371 non
531 1322 584 1383 est,
600 1312 673 1387 quin
688 1310 862 1369 continuum
877 1328 990 1387 corpus
1005 1322 1108 1386 partes
1161 1330 1162 1369 t

111 1401 212 1475 aliquo
238 1401 332 1460 modo
360 1397 434 1475 (sive
461 1410 545 1471 actu,
573 1400 636 1459 sive
657 1399 793 1476 potentia
815 1393 1009 1475 distinctas)¹
1037 1417 1109 1458 con·
1161 1430 1162 1457 t

110 1490 211 1561 tineat,
233 1490 264 1548 in
286 1509 361 1565 quas
380 1490 526 1549 divisione
546 1490 656 1548 resolvi
676 1487 778 1565 possit.

172 1578 232 1637 Sed
246 1582 350 1654 quaeri
360 1585 470 1655 potest,
498 1580 592 1654 qualis
611 1580 650 1636 sit
667 1579 720 1636 illu
739 1578 936 1647 divisibiliter,
963 1596 1112 1653 quousque

111 1670 212 1727 seilicet
229 1686 286 1725 sese
306 1669 441 1725 extendat
458 1669 490 1725 in
510 1668 679 1743 corporibus.

167 1760 236 1816 Iam
256 1775 328 1815 vero
349 1757 407 1815 hac
426 1756 459 1815 in
480 1774 513 1815 re
540 1756 784 1832 distinguendum
810 1765 855 1815 est
884 1753 966 1815 inter
997 1775 1112 1833 corpus

111 1846 354 1906 mathematicum
374 1858 405 1906 et
424 1865 533 1923 corpus
553 1845 718 1923 physicum.

173 1940 196 1995 Ι.
218 1938 336 2012 Corpus
355 1937 581 1995 mathematicum
602 1936 686 2011 quod
706 1935 826 1994 attinet:

176 2048 201 2086 1.
222 2027 282 2084 Est
299 2027 436 2084 divisibile
454 2028 487 2084 in
505 2026 698 2102 indefinitum,
727 2027 746 2082 i,
768 2043 790 2082 e.
812 2026 843 2083 in
857 2031 961 2100 partes
976 2027 1111 2101 potentia

113 2118 241 2192 irpinitas
260 2135 385 2174 numero.
413 2118 449 2174 In
470 2133 600 2191 corpore
622 2115 703 2174 enim
724 2113 938 2172 mathematico
957 2132 1025 2172 non
1039 2133 1111 2173 con-

113 2207 257 2264 sideratur
276 2205 334 2264 nisi
355 2205 511 2281 quantitas,
532 2205 565 2263 in
586 2223 647 2279 qua
666 2203 742 2262 nihil
755 2202 906 2262 invenitur
919 2203 1064 2262 divisioni
1079 2203 1110 2261 in

113 2295 299 2354 indefinitum
314 2311 494 2371 repugnans.
518 2293 737 2369 Quaecumque
753 2292 835 2350 enim
849 2292 1002 2367 quantitas
1017 2311 1110 2368 quan-

112 2385 220 2444 tumvis
239 2384 377 2456 minima,
406 2385 529 2459 dempta
549 2401 610 2459 ope
631 2382 786 2440 divisionis
806 2392 892 2457 parte
913 2381 1033 2456 aliqua,
1058 2383 1110 2440 de·

114 2493 250 2534 crescere
280 2474 310 2532 in
340 2473 542 2544 indefinitum,
581 2481 683 2530 mente
712 2482 817 2530 nostra
845 2471 968 2546 concipi
997 2481 1110 2546 potest.

115 2565 216 2638 Quam
242 2564 364 2640 quidem
391 2580 456 2622 rem
481 2561 654 2637 philosophi
682 2560 763 2618 facili
787 2570 966 2635 argumento
986 2578 1112 2635 geome

114 2654 190 2714 trico
213 2655 352 2730 probant.

176 2745 219 2802 Sit
239 2763 264 2802 e.
282 2762 310 2818 g.
332 2742 409 2801 inter
430 2742 503 2800 duas
523 2742 618 2800 lineas
638 2740 797 2816 parallelas
811 2739 880 2796 AB
899 2749 929 2797 et
946 2739 1007 2796 CD
1028 2740 1111 2798 linea

116 2831 370 2910 perpendicularis
389 2831 468 2889 ML.
511 2833 557 2888 Ex
584 2840 696 2906 puncto
721 2829 912 2887 Cducantur
937 2829 1042 2888 lineae
1070 2829 1110 2887 ad

115 2922 299 3000 superiorem
319 2922 429 2979 lineam
449 2920 530 2991 AB,
561 2937 640 2995 quae
661 2937 756 2994 usque
783 2917 968 2976 extendatur.
1011 2919 1109 2976 Linea

115 3013 186 3068 ML
215 3031 233 3068 a
261 3010 347 3068 lineis
380 3009 443 3078 Ca,
477 3009 538 3077 Cb,
574 3009 625 3077 Cc,
662 3009 713 3066 Cel
737 3019 794 3068 etc.
825 3007 857 3064 in
886 3015 931 3065 tot
965 3006 1109 3066 dividitur

179 3211 186 3239 ¹
205 3215 245 3260 De
264 3216 346 3273 modo,
367 3232 417 3278 quo
435 3227 519 3280 partes
538 3219 563 3266 in
580 3219 701 3268 continuo
714 3220 797 3280 insint,
817 3219 877 3267 vide
890 3219 1010 3278 Lehmen,
1032 3219 1106 3268 Lehr-

116 3287 183 3332 buch
202 3289 247 3334 der
267 3292 358 3337 l'hilos.
380 3295 398 3349 l,
423 3307 453 3340 21
475 3313 512 3358 sq.
