<?xml version="1.0" encoding="UTF-8"?>
<!DOCTYPE html PUBLIC "-//W3C//DTD XHTML 1.0 Transitional//EN"
    "http://www.w3.org/TR/xhtml1/DTD/xhtml1-transitional.dtd">
<html xmlns="http://www.w3.org/1999/xhtml" xml:lang="en" lang="en">
 <head>
  <title>
</title>
<meta http-equiv="Content-Type" content="text/html;charset=utf-8" />
  <meta name='ocr-system' content='tesseract 3.04.00' />
  <meta name='ocr-capabilities' content='ocr_page ocr_carea ocr_par ocr_line ocrx_word'/>
</head>
<body>
  <div class='ocr_page' id='page_1' title='image "./elementaphiloso00reingoog_0450.png"; bbox 0 0 2350 3700; ppageno 0'>
   <div class='ocr_carea' id='block_1_1' title="bbox 116 102 810 160">
    <p class='ocr_par' dir='ltr' id='par_1_1' title="bbox 116 102 810 160">
     <span class='ocr_line' id='line_1_1' title="bbox 116 102 810 160; baseline 0.006 -14"><span class='ocrx_word' id='word_1_1' title='bbox 116 103 171 160; x_wconf 73' lang='lat'><strong>410</strong></span> <span class='ocrx_word' id='word_1_2' title='bbox 412 112 573 151; x_wconf 72' lang='lat' dir='ltr'><strong>areanum:</strong></span> <span class='ocrx_word' id='word_1_3' title='bbox 594 114 632 151; x_wconf 79' lang='lat' dir='ltr'><strong>nr</strong></span> <span class='ocrx_word' id='word_1_4' title='bbox 649 102 810 150; x_wconf 67' lang='lat' dir='ltr'><strong>immuto.</strong></span> 
     </span>
    </p>
   </div>
   <div class='ocr_carea' id='block_1_2' title="bbox 118 257 1157 2908">
    <p class='ocr_par' dir='ltr' id='par_1_2' title="bbox 118 257 1117 604">
     <span class='ocr_line' id='line_1_2' title="bbox 177 257 1117 337; baseline 0.002 -20"><span class='ocrx_word' id='word_1_5' title='bbox 177 260 355 318; x_wconf 86' lang='lat' dir='ltr'><strong>Miraculum</strong></span> <span class='ocrx_word' id='word_1_6' title='bbox 375 262 468 336; x_wconf 78' lang='lat' dir='ltr'><strong>primi</strong></span> <span class='ocrx_word' id='word_1_7' title='bbox 485 261 595 319; x_wconf 62' lang='lat' dir='ltr'><strong>ordinas</strong></span> <span class='ocrx_word' id='word_1_8' title='bbox 616 257 801 337; x_wconf 82' lang='lat' dir='ltr'><strong>(miraculum</strong></span> <span class='ocrx_word' id='word_1_9' title='bbox 828 278 921 321; x_wconf 79' lang='lat' dir='ltr'><strong>marus</strong></span> <span class='ocrx_word' id='word_1_10' title='bbox 947 262 996 320; x_wconf 90' lang='lat' dir='ltr'><strong>vel</strong></span> <span class='ocrx_word' id='word_1_11' title='bbox 1029 261 1117 319; x_wconf 90' lang='lat' dir='ltr'><strong>mira·</strong></span> 
     </span>
     <span class='ocr_line' id='line_1_3' title="bbox 118 346 1116 427; baseline 0.004 -21"><span class='ocrx_word' id='word_1_12' title='bbox 118 349 216 407; x_wconf 88' lang='lat' dir='ltr'><strong>culum</strong></span> <span class='ocrx_word' id='word_1_13' title='bbox 229 367 318 409; x_wconf 89' lang='lat' dir='ltr'><strong>sensu</strong></span> <span class='ocrx_word' id='word_1_14' title='bbox 333 350 434 409; x_wconf 82' lang='lat' dir='ltr'><strong>stricto</strong></span> <span class='ocrx_word' id='word_1_15' title='bbox 453 346 623 427; x_wconf 81' lang='lat' dir='ltr'><strong>acceptum)</strong></span> <span class='ocrx_word' id='word_1_16' title='bbox 643 361 688 410; x_wconf 91' lang='lat' dir='ltr'><strong>est</strong></span> <span class='ocrx_word' id='word_1_17' title='bbox 708 350 790 419; x_wconf 89' lang='lat' dir='ltr'><strong>illud,</strong></span> <span class='ocrx_word' id='word_1_18' title='bbox 816 351 916 425; x_wconf 76' lang='lat' dir='ltr'><strong>«quod</strong></span> <span class='ocrx_word' id='word_1_19' title='bbox 936 352 969 410; x_wconf 90' lang='lat' dir='ltr'><strong>fit</strong></span> <span class='ocrx_word' id='word_1_20' title='bbox 990 361 1116 427; x_wconf 88' lang='lat' dir='ltr'><strong>praeter</strong></span> 
     </span>
     <span class='ocr_line' id='line_1_4' title="bbox 118 438 1115 515; baseline 0.004 -20"><span class='ocrx_word' id='word_1_21' title='bbox 118 439 254 497; x_wconf 87' lang='lat' dir='ltr'>ordinem</span> <span class='ocrx_word' id='word_1_22' title='bbox 280 438 369 497; x_wconf 88' lang='lat' dir='ltr'><strong>totius</strong></span> <span class='ocrx_word' id='word_1_23' title='bbox 395 449 518 497; x_wconf 89' lang='lat' dir='ltr'><strong>naturae</strong></span> <span class='ocrx_word' id='word_1_24' title='bbox 546 450 664 499; x_wconf 83' lang='lat' dir='ltr'>creatae</span> <span class='ocrx_word' id='word_1_25' title='bbox 689 439 811 515; x_wconf 90' lang='lat' dir='ltr'><strong>eiusque</strong></span> <span class='ocrx_word' id='word_1_26' title='bbox 831 440 952 499; x_wconf 86' lang='lat' dir='ltr'><strong>virtutes</strong></span> <span class='ocrx_word' id='word_1_27' title='bbox 972 440 1115 499; x_wconf 84' lang='lat' dir='ltr'><strong>absolute</strong></span> 
     </span>
     <span class='ocr_line' id='line_1_5' title="bbox 118 524 876 604; baseline 0.003 -19"><span class='ocrx_word' id='word_1_28' title='bbox 118 537 264 603; x_wconf 61' lang='lat' dir='ltr'><strong>superata</strong></span> <span class='ocrx_word' id='word_1_29' title='bbox 306 528 342 587; x_wconf 91' lang='lat' dir='ltr'><strong>E.</strong></span> <span class='ocrx_word' id='word_1_30' title='bbox 364 548 391 604; x_wconf 91' lang='lat' dir='ltr'><strong>g.</strong></span> <span class='ocrx_word' id='word_1_31' title='bbox 414 529 598 588; x_wconf 86' lang='lat' dir='ltr'><strong>resuscitatio</strong></span> <span class='ocrx_word' id='word_1_32' title='bbox 619 524 740 589; x_wconf 83' lang='lat' dir='ltr'><strong>alicuius</strong></span> <span class='ocrx_word' id='word_1_33' title='bbox 761 529 876 587; x_wconf 89' lang='lat' dir='ltr'><strong>mortui.</strong></span> 
     </span>
    </p>

    <p class='ocr_par' dir='ltr' id='par_1_3' title="bbox 118 613 1112 1051">
     <span class='ocr_line' id='line_1_6' title="bbox 178 613 1111 695; baseline 0.003 -21"><span class='ocrx_word' id='word_1_34' title='bbox 178 618 356 676; x_wconf 90' lang='lat' dir='ltr'><strong>Miraculum</strong></span> <span class='ocrx_word' id='word_1_35' title='bbox 375 619 489 676; x_wconf 73' lang='lat' dir='ltr'><strong>senendi</strong></span> <span class='ocrx_word' id='word_1_36' title='bbox 506 618 617 676; x_wconf 76' lang='lat' dir='ltr'><strong>ordinis</strong></span> <span class='ocrx_word' id='word_1_37' title='bbox 637 613 822 695; x_wconf 81' lang='lat' dir='ltr'><strong>&lt;miraculum</strong></span> <span class='ocrx_word' id='word_1_38' title='bbox 842 613 945 693; x_wconf 83' lang='lat' dir='ltr'><strong>minus)</strong></span> <span class='ocrx_word' id='word_1_39' title='bbox 966 619 1043 678; x_wconf 92' lang='lat' dir='ltr'><strong>illud</strong></span> <span class='ocrx_word' id='word_1_40' title='bbox 1057 630 1111 690; x_wconf 87' lang='lat' dir='ltr'><strong>est,</strong></span> 
     </span>
     <span class='ocr_line' id='line_1_7' title="bbox 120 700 1112 783; baseline 0.004 -20"><span class='ocrx_word' id='word_1_41' title='bbox 120 706 221 780; x_wconf 78' lang='lat' dir='ltr'><strong>«quod</strong></span> <span class='ocrx_word' id='word_1_42' title='bbox 241 708 274 766; x_wconf 84' lang='lat' dir='ltr'><strong>tit</strong></span> <span class='ocrx_word' id='word_1_43' title='bbox 293 718 412 782; x_wconf 90' lang='lat' dir='ltr'><strong>praeter</strong></span> <span class='ocrx_word' id='word_1_44' title='bbox 432 707 569 766; x_wconf 86' lang='lat' dir='ltr'><strong>ordinem</strong></span> <span class='ocrx_word' id='word_1_45' title='bbox 592 718 714 766; x_wconf 88' lang='lat' dir='ltr'><strong>naturae</strong></span> <span class='ocrx_word' id='word_1_46' title='bbox 728 704 859 779; x_wconf 91' lang='lat' dir='ltr'><strong>visibilis,</strong></span> <span class='ocrx_word' id='word_1_47' title='bbox 881 708 1017 783; x_wconf 89' lang='lat' dir='ltr'><strong>quamvis</strong></span> <span class='ocrx_word' id='word_1_48' title='bbox 1031 700 1112 767; x_wconf 83' lang='lat' dir='ltr'><strong>vires</strong></span> 
     </span>
     <span class='ocr_line' id='line_1_8' title="bbox 118 794 1112 873; baseline 0.004 -22"><span class='ocrx_word' id='word_1_49' title='bbox 118 806 233 855; x_wconf 89' lang='lat' dir='ltr'><strong>creatas</strong></span> <span class='ocrx_word' id='word_1_50' title='bbox 260 796 393 855; x_wconf 90' lang='lat' dir='ltr'><strong>absolute</strong></span> <span class='ocrx_word' id='word_1_51' title='bbox 421 809 484 855; x_wconf 89' lang='lat' dir='ltr'><strong>non</strong></span> <span class='ocrx_word' id='word_1_52' title='bbox 510 807 657 872; x_wconf 87' lang='lat' dir='ltr'><strong>superet».</strong></span> <span class='ocrx_word' id='word_1_53' title='bbox 699 794 867 855; x_wconf 86' lang='lat' dir='ltr'><strong>Translatio</strong></span> <span class='ocrx_word' id='word_1_54' title='bbox 888 815 914 856; x_wconf 90' lang='lat' dir='ltr'><strong>e.</strong></span> <span class='ocrx_word' id='word_1_55' title='bbox 936 815 963 873; x_wconf 87' lang='lat' dir='ltr'><strong>g.</strong></span> <span class='ocrx_word' id='word_1_56' title='bbox 985 798 1112 857; x_wconf 88' lang='lat' dir='ltr'><strong>alicuius</strong></span> 
     </span>
     <span class='ocr_line' id='line_1_9' title="bbox 118 884 1112 961; baseline 0.006 -21"><span class='ocrx_word' id='word_1_57' title='bbox 118 886 227 943; x_wconf 88' lang='lat' dir='ltr'><strong>montis</strong></span> <span class='ocrx_word' id='word_1_58' title='bbox 247 886 295 944; x_wconf 89' lang='lat' dir='ltr'><strong>vel</strong></span> <span class='ocrx_word' id='word_1_59' title='bbox 316 884 422 944; x_wconf 90' lang='lat' dir='ltr'><strong>domus</strong></span> <span class='ocrx_word' id='word_1_60' title='bbox 443 903 497 961; x_wconf 90' lang='lat' dir='ltr'><strong>per</strong></span> <span class='ocrx_word' id='word_1_61' title='bbox 517 893 618 944; x_wconf 71' lang='lat' dir='ltr'><strong>aerem</strong></span> <span class='ocrx_word' id='word_1_62' title='bbox 639 887 677 945; x_wconf 90' lang='lat' dir='ltr'><strong>ab</strong></span> <span class='ocrx_word' id='word_1_63' title='bbox 699 903 758 945; x_wconf 93' lang='lat' dir='ltr'><strong>uno</strong></span> <span class='ocrx_word' id='word_1_64' title='bbox 786 887 855 945; x_wconf 92' lang='lat' dir='ltr'><strong>loco</strong></span> <span class='ocrx_word' id='word_1_65' title='bbox 882 884 913 943; x_wconf 92' lang='lat' dir='ltr'><strong>in</strong></span> <span class='ocrx_word' id='word_1_66' title='bbox 940 886 1031 945; x_wconf 89' lang='lat' dir='ltr'><strong>alium</strong></span> <span class='ocrx_word' id='word_1_67' title='bbox 1059 889 1112 946; x_wconf 56' lang='lat' dir='ltr'><strong>alr</strong></span> 
     </span>
     <span class='ocr_line' id='line_1_10' title="bbox 118 975 767 1051; baseline -0.002 -17"><span class='ocrx_word' id='word_1_68' title='bbox 118 975 213 1034; x_wconf 91' lang='lat' dir='ltr'><strong>solute</strong></span> <span class='ocrx_word' id='word_1_69' title='bbox 234 975 311 1033; x_wconf 89' lang='lat' dir='ltr'><strong>vires</strong></span> <span class='ocrx_word' id='word_1_70' title='bbox 332 975 482 1049; x_wconf 85' lang='lat' dir='ltr'><strong>angelicas</strong></span> <span class='ocrx_word' id='word_1_71' title='bbox 502 992 565 1034; x_wconf 91' lang='lat' dir='ltr'><strong>non</strong></span> <span class='ocrx_word' id='word_1_72' title='bbox 586 986 714 1051; x_wconf 87' lang='lat' dir='ltr'><strong>superat.</strong></span> <span class='ocrx_word' id='word_1_73' title='bbox 762 987 767 991; x_wconf 89' lang='grc'>·</span> 
     </span>
    </p>

    <p class='ocr_par' dir='ltr' id='par_1_4' title="bbox 118 1063 1113 1301">
     <span class='ocr_line' id='line_1_11' title="bbox 181 1063 1111 1141; baseline 0.003 -21"><span class='ocrx_word' id='word_1_74' title='bbox 181 1084 207 1122; x_wconf 82' lang='lat'><strong>2,</strong></span> <span class='ocrx_word' id='word_1_75' title='bbox 230 1063 282 1120; x_wconf 84' lang='lat' dir='ltr'><strong>Ex</strong></span> <span class='ocrx_word' id='word_1_76' title='bbox 296 1072 384 1141; x_wconf 81' lang='lat' dir='ltr'><strong>parte</strong></span> <span class='ocrx_word' id='word_1_77' title='bbox 404 1065 487 1133; x_wconf 82' lang='lat' dir='ltr'><strong>modi,</strong></span> <span class='ocrx_word' id='word_1_78' title='bbox 508 1082 563 1140; x_wconf 82' lang='lat' dir='ltr'><strong>quo</strong></span> <span class='ocrx_word' id='word_1_79' title='bbox 576 1064 744 1122; x_wconf 78' lang='lat' dir='ltr'><strong>mirandum</strong></span> <span class='ocrx_word' id='word_1_80' title='bbox 758 1072 876 1141; x_wconf 81' lang='lat' dir='ltr'><strong>superat</strong></span> <span class='ocrx_word' id='word_1_81' title='bbox 886 1066 961 1123; x_wconf 82' lang='lat' dir='ltr'><strong>vires</strong></span> <span class='ocrx_word' id='word_1_82' title='bbox 974 1072 1111 1133; x_wconf 77' lang='lat' dir='ltr'><strong>naturae,</strong></span> 
     </span>
     <span class='ocr_line' id='line_1_12' title="bbox 118 1152 1113 1230; baseline 0.001 -18"><span class='ocrx_word' id='word_1_83' title='bbox 118 1153 257 1213; x_wconf 87' lang='lat' dir='ltr'><strong>dividitur</strong></span> <span class='ocrx_word' id='word_1_84' title='bbox 277 1172 296 1211; x_wconf 89' lang='lat' dir='ltr'><strong>a</strong></span> <span class='ocrx_word' id='word_1_85' title='bbox 317 1153 345 1211; x_wconf 87' lang='lat' dir='ltr'><strong>S.</strong></span> <span class='ocrx_word' id='word_1_86' title='bbox 362 1154 495 1212; x_wconf 91' lang='lat' dir='ltr'><strong>Doctore</strong></span> <span class='ocrx_word' id='word_1_87' title='bbox 516 1152 547 1212; x_wconf 89' lang='lat' dir='ltr'><strong>in</strong></span> <span class='ocrx_word' id='word_1_88' title='bbox 568 1153 711 1213; x_wconf 88' lang='lat' dir='ltr'><strong>miracula</strong></span> <span class='ocrx_word' id='word_1_89' title='bbox 730 1172 828 1229; x_wconf 85' lang='lat' dir='ltr'><strong>supra,</strong></span> <span class='ocrx_word' id='word_1_90' title='bbox 851 1165 964 1226; x_wconf 89' lang='lat' dir='ltr'><strong>contra,</strong></span> <span class='ocrx_word' id='word_1_91' title='bbox 988 1165 1113 1230; x_wconf 91' lang='lat' dir='ltr'><strong>praeter</strong></span> 
     </span>
     <span class='ocr_line' id='line_1_13' title="bbox 119 1244 285 1301; baseline -0.006 0"><span class='ocrx_word' id='word_1_92' title='bbox 119 1254 255 1301; x_wconf 87' lang='lat' dir='ltr'><strong>naturam</strong></span> <span class='ocrx_word' id='word_1_93' title='bbox 269 1244 285 1300; x_wconf 90' lang='lat'><strong>¹.</strong></span> 
     </span>
    </p>

    <p class='ocr_par' dir='ltr' id='par_1_5' title="bbox 120 1331 1113 1675">
     <span class='ocr_line' id='line_1_14' title="bbox 178 1331 1112 1432; baseline 0.002 -44"><span class='ocrx_word' id='word_1_94' title='bbox 178 1331 277 1408; x_wconf 79' lang='lat' dir='ltr'><strong>Supra</strong></span> <span class='ocrx_word' id='word_1_95' title='bbox 285 1338 421 1389; x_wconf 80' lang='lat' dir='ltr'><strong>naturam</strong></span> <span class='ocrx_word' id='word_1_96' title='bbox 430 1331 537 1390; x_wconf 88' lang='lat' dir='ltr'><strong>dicitur</strong></span> <span class='ocrx_word' id='word_1_97' title='bbox 546 1331 729 1403; x_wconf 85' lang='lat' dir='ltr'><strong>miraculum,</strong></span> <span class='ocrx_word' id='word_1_98' title='bbox 744 1331 785 1390; x_wconf 77' lang='lat' dir='ltr'><strong>«si</strong></span> <span class='ocrx_word' id='word_1_99' title='bbox 794 1332 967 1432; x_wconf 89' lang='lat' dir='ltr'><strong>producitur</strong></span> <span class='ocrx_word' id='word_1_100' title='bbox 976 1334 1112 1405; x_wconf 85' lang='lat' dir='ltr'><strong>effectus,</strong></span> 
     </span>
     <span class='ocr_line' id='line_1_15' title="bbox 120 1421 1113 1497; baseline 0.001 -18"><span class='ocrx_word' id='word_1_101' title='bbox 120 1438 210 1496; x_wconf 90' lang='lat' dir='ltr'><strong>quem</strong></span> <span class='ocrx_word' id='word_1_102' title='bbox 230 1431 336 1479; x_wconf 85' lang='lat' dir='ltr'><strong>natura</strong></span> <span class='ocrx_word' id='word_1_103' title='bbox 355 1421 551 1481; x_wconf 90' lang='lat' dir='ltr'><strong>nullomodo</strong></span> <span class='ocrx_word' id='word_1_104' title='bbox 573 1422 672 1480; x_wconf 85' lang='lat' dir='ltr'><strong>facere</strong></span> <span class='ocrx_word' id='word_1_105' title='bbox 700 1430 815 1497; x_wconf 80' lang='lat' dir='ltr'><strong>potest3</strong></span> <span class='ocrx_word' id='word_1_106' title='bbox 841 1421 932 1479; x_wconf 88' lang='lat' dir='ltr'><strong>sice</strong></span> <span class='ocrx_word' id='word_1_107' title='bbox 954 1440 982 1497; x_wconf 86' lang='lat' dir='ltr'><strong>g.</strong></span> <span class='ocrx_word' id='word_1_108' title='bbox 1003 1432 1113 1480; x_wconf 88' lang='lat' dir='ltr'><strong>natura</strong></span> 
     </span>
     <span class='ocr_line' id='line_1_16' title="bbox 120 1511 1113 1617; baseline 0.002 -50"><span class='ocrx_word' id='word_1_109' title='bbox 120 1511 211 1570; x_wconf 87' lang='lat' dir='ltr'><strong>vitam</strong></span> <span class='ocrx_word' id='word_1_110' title='bbox 239 1527 361 1569; x_wconf 81' lang='lat' dir='ltr'><strong>causare</strong></span> <span class='ocrx_word' id='word_1_111' title='bbox 391 1519 504 1586; x_wconf 91' lang='lat' dir='ltr'><strong>potest,</strong></span> <span class='ocrx_word' id='word_1_112' title='bbox 536 1511 628 1570; x_wconf 91' lang='lat' dir='ltr'><strong>sed</strong></span> <span class='ocrx_word' id='word_1_113' title='bbox 621 1528 652 1568; x_wconf 90' lang='lat' dir='ltr'><strong>m</strong></span> <span class='ocrx_word' id='word_1_114' title='bbox 682 1520 799 1617; x_wconf 92' lang='lat' dir='ltr'><strong>mortuo</strong></span> <span class='ocrx_word' id='word_1_115' title='bbox 825 1511 889 1569; x_wconf 89' lang='lat' dir='ltr'><strong>hoc</strong></span> <span class='ocrx_word' id='word_1_116' title='bbox 918 1511 1016 1569; x_wconf 84' lang='lat' dir='ltr'><strong>facere</strong></span> <span class='ocrx_word' id='word_1_117' title='bbox 1045 1530 1113 1569; x_wconf 90' lang='lat' dir='ltr'><strong>non</strong></span> 
     </span>
     <span class='ocr_line' id='line_1_17' title="bbox 121 1608 248 1675; baseline -0.009 -17"><span class='ocrx_word' id='word_1_118' title='bbox 121 1608 248 1675; x_wconf 73' lang='lat' dir='ltr'><strong>potest».</strong></span> 
     </span>
    </p>

    <p class='ocr_par' dir='ltr' id='par_1_6' title="bbox 120 1688 1159 2067">
     <span class='ocr_line' id='line_1_18' title="bbox 184 1688 1116 1765; baseline 0.005 -20"><span class='ocrx_word' id='word_1_119' title='bbox 184 1688 294 1746; x_wconf 72' lang='lat' dir='ltr'><strong>Contra</strong></span> <span class='ocrx_word' id='word_1_120' title='bbox 313 1694 450 1746; x_wconf 86' lang='lat' dir='ltr'><strong>naturam</strong></span> <span class='ocrx_word' id='word_1_121' title='bbox 469 1689 592 1762; x_wconf 86' lang='lat' dir='ltr'><strong>dicitur,</strong></span> <span class='ocrx_word' id='word_1_122' title='bbox 625 1688 800 1765; x_wconf 79' lang='lat' dir='ltr'><strong>«quando</strong></span> <span class='ocrx_word' id='word_1_123' title='bbox 792 1707 823 1746; x_wconf 91' lang='lat' dir='ltr'><strong>m</strong></span> <span class='ocrx_word' id='word_1_124' title='bbox 849 1699 953 1747; x_wconf 85' lang='lat' dir='ltr'><strong>natura</strong></span> <span class='ocrx_word' id='word_1_125' title='bbox 973 1703 1116 1750; x_wconf 87' lang='lat' dir='ltr'><strong>remanet</strong></span> 
     </span>
     <span class='ocr_line' id='line_1_19' title="bbox 122 1771 1115 1854; baseline 0.003 -18"><span class='ocrx_word' id='word_1_126' title='bbox 122 1777 271 1837; x_wconf 87' lang='lat' dir='ltr'><strong>contraria</strong></span> <span class='ocrx_word' id='word_1_127' title='bbox 291 1777 446 1854; x_wconf 90' lang='lat' dir='ltr'><strong>dispositio</strong></span> <span class='ocrx_word' id='word_1_128' title='bbox 466 1778 506 1837; x_wconf 92' lang='lat' dir='ltr'><strong>ad</strong></span> <span class='ocrx_word' id='word_1_129' title='bbox 526 1779 681 1850; x_wconf 85' lang='lat' dir='ltr'><strong>effectum,</strong></span> <span class='ocrx_word' id='word_1_130' title='bbox 708 1796 797 1854; x_wconf 91' lang='lat' dir='ltr'><strong>quem</strong></span> <span class='ocrx_word' id='word_1_131' title='bbox 818 1780 900 1837; x_wconf 92' lang='lat' dir='ltr'><strong>Deus</strong></span> <span class='ocrx_word' id='word_1_132' title='bbox 921 1778 1007 1853; x_wconf 88' lang='lat' dir='ltr'><strong>facit·</strong></span> <span class='ocrx_word' id='word_1_133' title='bbox 1034 1771 1115 1839; x_wconf 85' lang='lat' dir='ltr'><strong>sicut</strong></span> 
     </span>
     <span class='ocr_line' id='line_1_20' title="bbox 122 1867 1118 1944; baseline 0.003 -18"><span class='ocrx_word' id='word_1_134' title='bbox 122 1868 245 1943; x_wconf 89' lang='lat' dir='ltr'><strong>quando</strong></span> <span class='ocrx_word' id='word_1_135' title='bbox 265 1867 454 1927; x_wconf 90' lang='lat' dir='ltr'><strong>conservavit</strong></span> <span class='ocrx_word' id='word_1_136' title='bbox 473 1886 583 1944; x_wconf 90' lang='lat' dir='ltr'><strong>pueros</strong></span> <span class='ocrx_word' id='word_1_137' title='bbox 604 1868 749 1926; x_wconf 90' lang='lat' dir='ltr'><strong>illaesos&#39;</strong></span> <span class='ocrx_word' id='word_1_138' title='bbox 742 1886 772 1925; x_wconf 90' lang='lat' dir='ltr'><strong>m</strong></span> <span class='ocrx_word' id='word_1_139' title='bbox 788 1867 915 1940; x_wconf 85' lang='lat' dir='ltr'><strong>camino,</strong></span> <span class='ocrx_word' id='word_1_140' title='bbox 937 1882 1118 1930; x_wconf 87' lang='lat' dir='ltr'><strong>remanente</strong></span> 
     </span>
     <span class='ocr_line' id='line_1_21' title="bbox 120 1956 619 2033; baseline 0.003 -19"><span class='ocrx_word' id='word_1_141' title='bbox 120 1958 228 2016; x_wconf 90' lang='lat' dir='ltr'><strong>virtute</strong></span> <span class='ocrx_word' id='word_1_142' title='bbox 250 1957 476 2017; x_wconf 90' lang='lat' dir='ltr'><strong>comburendi</strong></span> <span class='ocrx_word' id='word_1_143' title='bbox 468 1976 499 2015; x_wconf 91' lang='lat' dir='ltr'><strong>m</strong></span> <span class='ocrx_word' id='word_1_144' title='bbox 520 1956 619 2033; x_wconf 77' lang='lat' dir='ltr'><strong>igne».</strong></span> 
     </span>
    </p>

    <p class='ocr_par' dir='ltr' id='par_1_7' title="bbox 121 2045 1157 2480">
     <span class='ocr_line' id='line_1_22' title="bbox 185 2045 1115 2123; baseline 0.006 -23"><span class='ocrx_word' id='word_1_145' title='bbox 185 2047 325 2104; x_wconf 79' lang='lat' dir='ltr'><strong>«I’ractcr</strong></span> <span class='ocrx_word' id='word_1_146' title='bbox 345 2054 482 2105; x_wconf 79' lang='lat' dir='ltr'><strong>naturam</strong></span> <span class='ocrx_word' id='word_1_147' title='bbox 503 2057 601 2106; x_wconf 90' lang='lat' dir='ltr'><strong>autem</strong></span> <span class='ocrx_word' id='word_1_148' title='bbox 623 2046 730 2106; x_wconf 92' lang='lat' dir='ltr'><strong>dicitur</strong></span> <span class='ocrx_word' id='word_1_149' title='bbox 751 2045 832 2106; x_wconf 89' lang='lat' dir='ltr'><strong>Deus</strong></span> <span class='ocrx_word' id='word_1_150' title='bbox 854 2047 963 2118; x_wconf 85' lang='lat' dir='ltr'><strong>facere,</strong></span> <span class='ocrx_word' id='word_1_151' title='bbox 989 2049 1115 2123; x_wconf 85' lang='lat' dir='ltr'><strong>quando</strong></span> 
     </span>
     <span class='ocr_line' id='line_1_23' title="bbox 123 2135 1157 2216; baseline 0.001 -22"><span class='ocrx_word' id='word_1_152' title='bbox 123 2135 261 2212; x_wconf 91' lang='lat' dir='ltr'><strong>producit</strong></span> <span class='ocrx_word' id='word_1_153' title='bbox 288 2138 443 2208; x_wconf 83' lang='lat' dir='ltr'><strong>effectum,</strong></span> <span class='ocrx_word' id='word_1_154' title='bbox 476 2153 566 2212; x_wconf 89' lang='lat' dir='ltr'><strong>quem</strong></span> <span class='ocrx_word' id='word_1_155' title='bbox 593 2147 698 2194; x_wconf 90' lang='lat' dir='ltr'><strong>natura</strong></span> <span class='ocrx_word' id='word_1_156' title='bbox 725 2137 892 2211; x_wconf 88' lang='lat' dir='ltr'><strong>producere</strong></span> <span class='ocrx_word' id='word_1_157' title='bbox 920 2146 1032 2212; x_wconf 81' lang='lat' dir='ltr'><strong>potest,</strong></span> <span class='ocrx_word' id='word_1_158' title='bbox 1063 2138 1116 2195; x_wconf 95' lang='lat' dir='ltr'><strong>illo</strong></span> <span class='ocrx_word' id='word_1_159' title='bbox 1156 2189 1157 2216; x_wconf 20' lang='grc' dir='ltr'>ἶ</span> 
     </span>
     <span class='ocr_line' id='line_1_24' title="bbox 121 2224 1157 2311; baseline 0 -27"><span class='ocrx_word' id='word_1_160' title='bbox 121 2238 222 2284; x_wconf 89' lang='lat' dir='ltr'><strong>tamen</strong></span> <span class='ocrx_word' id='word_1_161' title='bbox 243 2224 352 2296; x_wconf 90' lang='lat' dir='ltr'><strong>modo,</strong></span> <span class='ocrx_word' id='word_1_162' title='bbox 378 2243 438 2300; x_wconf 89' lang='lat' dir='ltr'><strong>quo</strong></span> <span class='ocrx_word' id='word_1_163' title='bbox 459 2236 564 2285; x_wconf 90' lang='lat' dir='ltr'><strong>natura</strong></span> <span class='ocrx_word' id='word_1_164' title='bbox 585 2225 752 2301; x_wconf 85' lang='lat' dir='ltr'><strong>producere</strong></span> <span class='ocrx_word' id='word_1_165' title='bbox 773 2243 836 2283; x_wconf 91' lang='lat' dir='ltr'><strong>non</strong></span> <span class='ocrx_word' id='word_1_166' title='bbox 857 2235 956 2300; x_wconf 88' lang='lat' dir='ltr'><strong>potest</strong></span> <span class='ocrx_word' id='word_1_167' title='bbox 972 2236 979 2282; x_wconf 84' lang='lat'><strong>.&#39;</strong></span> <span class='ocrx_word' id='word_1_168' title='bbox 994 2272 999 2284; x_wconf 92' lang='lat'><strong>.</strong></span> <span class='ocrx_word' id='word_1_169' title='bbox 1017 2272 1023 2284; x_wconf 89' lang='lat'><strong>.</strong></span> <span class='ocrx_word' id='word_1_170' title='bbox 1039 2227 1117 2285; x_wconf 90' lang='lat' dir='ltr'><strong>sicut</strong></span> <span class='ocrx_word' id='word_1_171' title='bbox 1156 2233 1157 2311; x_wconf 64' lang='lat' dir='ltr'><strong>l</strong></span> 
     </span>
     <span class='ocr_line' id='line_1_25' title="bbox 123 2311 1113 2390; baseline 0 -16"><span class='ocrx_word' id='word_1_172' title='bbox 123 2333 192 2374; x_wconf 89' lang='lat' dir='ltr'><strong>cum</strong></span> <span class='ocrx_word' id='word_1_173' title='bbox 205 2315 302 2374; x_wconf 88' lang='lat' dir='ltr'><strong>statim</strong></span> <span class='ocrx_word' id='word_1_174' title='bbox 320 2314 358 2372; x_wconf 91' lang='lat' dir='ltr'><strong>ad</strong></span> <span class='ocrx_word' id='word_1_175' title='bbox 380 2314 602 2374; x_wconf 90' lang='lat' dir='ltr'><strong>invocationem</strong></span> <span class='ocrx_word' id='word_1_176' title='bbox 617 2311 738 2373; x_wconf 90' lang='lat' dir='ltr'><strong>alicuius</strong></span> <span class='ocrx_word' id='word_1_177' title='bbox 752 2313 853 2372; x_wconf 86' lang='lat' dir='ltr'><strong>Sancti</strong></span> <span class='ocrx_word' id='word_1_178' title='bbox 866 2313 972 2390; x_wconf 83' lang='lat' dir='ltr'><strong>aliquis</strong></span> <span class='ocrx_word' id='word_1_179' title='bbox 986 2326 1113 2386; x_wconf 89' lang='lat' dir='ltr'><strong>curatur,</strong></span> 
     </span>
     <span class='ocr_line' id='line_1_26' title="bbox 123 2402 1113 2481; baseline -0.002 -18"><span class='ocrx_word' id='word_1_180' title='bbox 123 2422 214 2480; x_wconf 90' lang='lat' dir='ltr'><strong>quem</strong></span> <span class='ocrx_word' id='word_1_181' title='bbox 233 2413 339 2462; x_wconf 89' lang='lat' dir='ltr'><strong>natura</strong></span> <span class='ocrx_word' id='word_1_182' title='bbox 358 2421 422 2462; x_wconf 92' lang='lat' dir='ltr'><strong>non</strong></span> <span class='ocrx_word' id='word_1_183' title='bbox 443 2404 556 2481; x_wconf 83' lang='lat' dir='ltr'><strong>statim,</strong></span> <span class='ocrx_word' id='word_1_184' title='bbox 584 2404 639 2463; x_wconf 88' lang='lat' dir='ltr'><strong>sed</strong></span> <span class='ocrx_word' id='word_1_185' title='bbox 667 2402 832 2463; x_wconf 80' lang='lat' dir='ltr'><strong>successive</strong></span> <span class='ocrx_word' id='word_1_186' title='bbox 860 2420 966 2462; x_wconf 87' lang='lat' dir='ltr'><strong>curare</strong></span> <span class='ocrx_word' id='word_1_187' title='bbox 989 2403 1113 2479; x_wconf 72' lang='lat' dir='ltr'><strong>possit.»</strong></span> 
     </span>
    </p>

    <p class='ocr_par' dir='ltr' id='par_1_8' title="bbox 123 2491 1156 2658">
     <span class='ocr_line' id='line_1_27' title="bbox 184 2491 1156 2569; baseline 0.002 -20.122"><span class='ocrx_word' id='word_1_188' title='bbox 184 2492 292 2567; x_wconf 86' lang='lat' dir='ltr'><strong>3Ex</strong></span> <span class='ocrx_word' id='word_1_189' title='bbox 313 2500 401 2569; x_wconf 81' lang='lat' dir='ltr'><strong>parte</strong></span> <span class='ocrx_word' id='word_1_190' title='bbox 427 2495 496 2567; x_wconf 79' lang='lat' dir='ltr'><strong>legis</strong></span> <span class='ocrx_word' id='word_1_191' title='bbox 522 2493 654 2567; x_wconf 59' lang='lat' dir='ltr'><strong>dentque,</strong></span> <span class='ocrx_word' id='word_1_192' title='bbox 683 2494 732 2550; x_wconf 75' lang='lat' dir='ltr'><strong>cui</strong></span> <span class='ocrx_word' id='word_1_193' title='bbox 753 2493 920 2550; x_wconf 77' lang='lat' dir='ltr'><strong>mz&#39;raculum</strong></span> <span class='ocrx_word' id='word_1_194' title='bbox 947 2491 1113 2567; x_wconf 76' lang='lat' dir='ltr'><strong>derogatur</strong></span> <span class='ocrx_word' id='word_1_195' title='bbox 1155 2503 1156 2557; x_wconf 76' lang='lat' dir='ltr'><strong>l</strong></span> 
     </span>
     <span class='ocr_line' id='line_1_28' title="bbox 123 2511 1114 2658; baseline -0.002 -17"><span class='ocrx_word' id='word_1_196' title='bbox 123 2511 291 2642; x_wconf 86' lang='lat' dir='ltr'><strong>dividitur&#39;</strong></span> <span class='ocrx_word' id='word_1_197' title='bbox 284 2601 314 2639; x_wconf 91' lang='lat' dir='ltr'><strong>m</strong></span> <span class='ocrx_word' id='word_1_198' title='bbox 335 2583 509 2640; x_wconf 84' lang='lat' dir='ltr'><strong>miraculum</strong></span> <span class='ocrx_word' id='word_1_199' title='bbox 531 2581 645 2640; x_wconf 88' lang='lat' dir='ltr'><strong>ordinis</strong></span> <span class='ocrx_word' id='word_1_200' title='bbox 665 2579 780 2658; x_wconf 90' lang='lat' dir='ltr'><strong>physici</strong></span> <span class='ocrx_word' id='word_1_201' title='bbox 802 2591 832 2640; x_wconf 91' lang='lat' dir='ltr'><strong>et</strong></span> <span class='ocrx_word' id='word_1_202' title='bbox 852 2580 964 2640; x_wconf 91' lang='lat' dir='ltr'><strong>ordinis</strong></span> <span class='ocrx_word' id='word_1_203' title='bbox 983 2582 1114 2641; x_wconf 86' lang='lat' dir='ltr'><strong>moralis.</strong></span> 
     </span>
    </p>

    <p class='ocr_par' dir='ltr' id='par_1_9' title="bbox 123 2669 1155 2908">
     <span class='ocr_line' id='line_1_29' title="bbox 185 2669 1155 2746; baseline -0.002 -16"><span class='ocrx_word' id='word_1_204' title='bbox 185 2672 245 2730; x_wconf 88' lang='lat' dir='ltr'><strong>Sed</strong></span> <span class='ocrx_word' id='word_1_205' title='bbox 265 2670 349 2730; x_wconf 91' lang='lat' dir='ltr'><strong>huius</strong></span> <span class='ocrx_word' id='word_1_206' title='bbox 370 2670 414 2730; x_wconf 91' lang='lat' dir='ltr'><strong>rei</strong></span> <span class='ocrx_word' id='word_1_207' title='bbox 434 2672 555 2730; x_wconf 89' lang='lat' dir='ltr'><strong>uberior</strong></span> <span class='ocrx_word' id='word_1_208' title='bbox 575 2670 733 2746; x_wconf 85' lang='lat' dir='ltr'><strong>explicatio</strong></span> <span class='ocrx_word' id='word_1_209' title='bbox 753 2670 814 2728; x_wconf 91' lang='lat' dir='ltr'><strong>fit&#39;</strong></span> <span class='ocrx_word' id='word_1_210' title='bbox 800 2684 838 2729; x_wconf 85' lang='lat' dir='ltr'><strong>¹m</strong></span> <span class='ocrx_word' id='word_1_211' title='bbox 854 2669 1007 2745; x_wconf 87' lang='lat' dir='ltr'><strong>theologia</strong></span> <span class='ocrx_word' id='word_1_212' title='bbox 1021 2689 1113 2741; x_wconf 87' lang='lat' dir='ltr'><strong>sacra,</strong></span> <span class='ocrx_word' id='word_1_213' title='bbox 1154 2669 1155 2698; x_wconf 77' lang='lat'><em>³</em></span> 
     </span>
     <span class='ocr_line' id='line_1_30' title="bbox 123 2753 1155 2837; baseline -0.003 -18"><span class='ocrx_word' id='word_1_214' title='bbox 123 2761 174 2819; x_wconf 89' lang='lat' dir='ltr'><strong>ubi</strong></span> <span class='ocrx_word' id='word_1_215' title='bbox 202 2759 291 2820; x_wconf 85' lang='lat' dir='ltr'><strong>etiam</strong></span> <span class='ocrx_word' id='word_1_216' title='bbox 319 2761 449 2818; x_wconf 87' lang='lat' dir='ltr'><strong>solvetur</strong></span> <span class='ocrx_word' id='word_1_217' title='bbox 472 2759 607 2837; x_wconf 90' lang='lat' dir='ltr'><strong>quaestio</strong></span> <span class='ocrx_word' id='word_1_218' title='bbox 628 2759 666 2818; x_wconf 91' lang='lat' dir='ltr'><strong>de</strong></span> <span class='ocrx_word' id='word_1_219' title='bbox 694 2759 888 2835; x_wconf 89' lang='lat' dir='ltr'><strong>possibilitate</strong></span> <span class='ocrx_word' id='word_1_220' title='bbox 911 2769 940 2818; x_wconf 93' lang='lat' dir='ltr'><strong>et</strong></span> <span class='ocrx_word' id='word_1_221' title='bbox 961 2760 1113 2835; x_wconf 87' lang='lat' dir='ltr'><strong>cognosci·</strong></span> <span class='ocrx_word' id='word_1_222' title='bbox 1154 2753 1155 2801; x_wconf 82' lang='lat' dir='ltr'><strong>l</strong></span> 
     </span>
     <span class='ocr_line' id='line_1_31' title="bbox 123 2842 399 2908; baseline -0.011 0"><span class='ocrx_word' id='word_1_223' title='bbox 123 2842 236 2908; x_wconf 91' lang='lat' dir='ltr'><strong>bilitate</strong></span> <span class='ocrx_word' id='word_1_224' title='bbox 257 2849 399 2907; x_wconf 90' lang='lat' dir='ltr'><strong>miraculi.</strong></span> 
     </span>
    </p>
   </div>
   <div class='ocr_carea' id='block_1_3' title="bbox 125 2967 1154 3183">
    <p class='ocr_par' dir='ltr' id='par_1_10' title="bbox 125 2967 1154 3183">
     <span class='ocr_line' id='line_1_32' title="bbox 187 2967 1154 3108; baseline 0 -17"><span class='ocrx_word' id='word_1_225' title='bbox 187 3041 319 3104; x_wconf 86' lang='lat' dir='ltr'><strong>¹Quaest.</strong></span> <span class='ocrx_word' id='word_1_226' title='bbox 340 3045 406 3107; x_wconf 90' lang='lat' dir='ltr'><strong>disp.</strong></span> <span class='ocrx_word' id='word_1_227' title='bbox 426 3061 451 3107; x_wconf 89' lang='lat' dir='ltr'><strong>q.</strong></span> <span class='ocrx_word' id='word_1_228' title='bbox 470 3045 487 3091; x_wconf 89' lang='lat'>6</span> <span class='ocrx_word' id='word_1_229' title='bbox 506 3045 539 3092; x_wconf 91' lang='lat' dir='ltr'><strong>de</strong></span> <span class='ocrx_word' id='word_1_230' title='bbox 557 3054 610 3108; x_wconf 91' lang='lat' dir='ltr'><strong>pot.</strong></span> <span class='ocrx_word' id='word_1_231' title='bbox 631 3063 652 3093; x_wconf 87' lang='lat' dir='ltr'><strong>a.</strong></span> <span class='ocrx_word' id='word_1_232' title='bbox 674 3059 688 3094; x_wconf 88' lang='lat'>2</span> <span class='ocrx_word' id='word_1_233' title='bbox 709 3047 741 3094; x_wconf 87' lang='lat' dir='ltr'><strong>ad</strong></span> <span class='ocrx_word' id='word_1_234' title='bbox 759 3057 782 3107; x_wconf 87' lang='lat'><strong>3.</strong></span> <span class='ocrx_word' id='word_1_235' title='bbox 815 3045 854 3094; x_wconf 90' lang='lat' dir='ltr'><strong>Cf.</strong></span> <span class='ocrx_word' id='word_1_236' title='bbox 873 3045 948 3092; x_wconf 84' lang='lat' dir='ltr'><strong>etiam</strong></span> <span class='ocrx_word' id='word_1_237' title='bbox 963 3045 1108 3108; x_wconf 77' lang='lat' dir='ltr'><strong>Eggtrl.c.</strong></span> <span class='ocrx_word' id='word_1_238' title='bbox 1153 2967 1154 3045; x_wconf 59' lang='lat' dir='ltr'><strong>i</strong></span> 
     </span>
     <span class='ocr_line' id='line_1_33' title="bbox 125 3122 917 3183; baseline 0 -16"><span class='ocrx_word' id='word_1_239' title='bbox 125 3136 149 3168; x_wconf 93' lang='lat' dir='ltr'><strong>n.</strong></span> <span class='ocrx_word' id='word_1_240' title='bbox 170 3122 203 3180; x_wconf 89' lang='lat'><strong>87</strong></span> <span class='ocrx_word' id='word_1_241' title='bbox 223 3138 260 3183; x_wconf 89' lang='lat' dir='ltr'><strong>sq.</strong></span> <span class='ocrx_word' id='word_1_242' title='bbox 914 3157 917 3161; x_wconf 86' lang='lat'><strong>.</strong></span> 
     </span>
    </p>
   </div>
   <div class='ocr_carea' id='block_1_4' title="bbox 0 0 1187 3700">
    <p class='ocr_par' dir='ltr' id='par_1_11' title="bbox 0 0 1187 3700">
     <span class='ocr_line' id='line_1_34' title="bbox 0 0 1187 3700; baseline 0 0"><span class='ocrx_word' id='word_1_243' title='bbox 0 0 1187 3700; x_wconf 95' lang='lat' dir='ltr'><strong> </strong></span> 
     </span>
    </p>
   </div>
  </div>
 </body>
</html>
