2350 3700
110 139 162 196 360
395 149 433 183 nn
452 148 627 184 Acnvimo
647 148 807 184 conionum.

109 314 217 354 nervus
237 296 353 371 opticus
374 314 429 371 per
449 295 632 354 vibrationes
653 294 787 367 aetheriS,
810 294 962 353 acusticus'
978 314 1037 371 per
1054 314 1107 353 un·
1170 328 1171 331 =

108 386 193 443 dulas
220 385 311 455 aeris,
341 386 424 444 nervi
452 384 584 443 sensitivi
611 384 734 443 diversis
761 384 859 442 modis
886 404 904 441 a
924 385 1017 463 rebus
1039 404 1107 460 per·

108 475 271 532 cellantur»
288 474 305 531 ¹.
334 477 379 532 Ita
399 485 467 550 post
481 474 649 532 Cartesium
670 484 700 531 et
720 473 866 531 Lockium
887 473 972 531 multi
993 492 1034 531 ex
1055 475 1109 531 ho·

109 564 229 621 diernis.

168 653 275 727 Neque
303 652 410 710 desunt
438 653 546 711 nostris
572 652 772 728 temporibus,
801 653 852 727 qui
874 652 980 709 Kantii
1001 664 1108 711 aucto-

108 741 193 799 ritate
214 742 343 817 perculsi
357 741 513 815 qualitates
527 741 591 798 illas
605 741 679 798 nihil
693 758 758 799 esse
772 742 902 799 doceant
916 742 973 800 nisi
988 742 1109 800 formas

108 831 253 906 quasdam
274 831 464 901 subiectivas,
494 830 703 905 dispositiones
724 830 836 889 scilicet
857 830 1034 905 organismo
1064 834 1108 889 in·
1170 898 1171 911 χ

108 927 192 978 natas
205 921 261 990 vel,
283 919 362 977 iuxta
380 919 463 990 alios,
485 920 701 977 consuetudine
716 919 883 995 acquisitam
906 938 981 995 quas
999 940 1109 979 «enen

107 1009 170 1083 gias
191 1008 362 1084 specificas»
386 1018 495 1067 vocant
518 1004 572 1080 (Io.
595 1003 723 1083 Miiller).
760 1011 843 1066 quta
866 1009 949 1084 ipsos
970 1010 1106 1084 proinde
1170 1062 1171 1083 ¹

109 1098 265 1172 qualitates
279 1097 442 1168 sensibileS,
465 1107 554 1172 prout
567 1115 656 1156 sensu
671 1108 940 1172 repraesentantur,
962 1100 1011 1157 vel
1024 1100 1106 1157 nihil
1170 1086 1171 1173 i

107 1197 174 1245 sunt
194 1197 276 1245 extra
297 1196 428 1244 mentem
449 1181 624 1260 (idealistae)
646 1188 693 1245 vel
714 1188 753 1245 ad
782 1204 904 1245 causam
930 1188 1106 1247 referuntur

106 1285 189 1333 extra
209 1284 341 1333 mentem
361 1275 465 1333 nescio
487 1295 577 1351 quam
599 1270 754 1351 (kantiam)
775 1277 823 1333 vel
844 1277 1015 1351 symbolum
1031 1288 1104 1335 sunt
1170 1278 1171 1299 ³

107 1374 136 1422 et
166 1364 282 1439 signum
312 1373 425 1422 tantum
455 1365 498 1423 rei
529 1375 611 1423 extra
641 1375 773 1423 mentem
803 1365 989 1435 exsistentis,
1021 1384 1103 1441 quae

107 1464 206 1511 tamen
221 1472 290 1511 cum
303 1452 374 1529 ipsis
386 1455 499 1511 nullam
513 1453 624 1511 habeat
637 1453 858 1512 similitudinem
869 1449 1070 1530 (Helmholtz)
1082 1457 1102 1513 ².

494 1650 660 1697 Armenios
680 1661 709 1697 11.

160 1762 333 1810 REALITAS
353 1763 545 1811 OBIECTIVA
564 1763 798 1824 QUALITATUM
817 1764 1045 1814 SENSIBILIUM

479 1843 719 1893 DEFENDITUR.

166 1975 277 2024 Thesis.
309 1965 469 2038 Qualitates
488 1968 629 2024 sensibiles
646 1969 805 2024 realitatem
819 1967 982 2026 obiectivam
995 1969 1108 2028 habent

106 2061 190 2111 extra
204 2062 331 2124 mentem,
345 2063 484 2130 quatenus
497 2056 527 2113 in
541 2057 624 2114 rebus
638 2057 776 2132 corporeis
789 2057 929 2114 exstilunt
941 2077 999 2115 non
1009 2060 1105 2116 solum

105 2145 269 2202 virtualiter
282 2145 357 2201 utin
371 2163 465 2214 causa,
480 2146 532 2203 sed
541 2145 713 2220 formaliter
726 2153 760 2202 ut
771 2147 848 2203 modi
859 2147 969 2204 essendi
981 2149 1106 2204 realiter

105 2232 230 2290 distmcli
247 2253 267 2290 a
286 2235 405 2291 motibus
425 2242 572 2310 corporum
596 2234 761 2294 vibratorz'is
787 2237 835 2294 vel
859 2237 924 2293 aliis
950 2237 1100 2294 similibus.

110 2367 323 2374 --———-—

169 2444 176 2473 ¹
195 2446 271 2494 Perrh
288 2445 305 2494 l.
326 2463 347 2494 c.

166 2522 176 2553 ²
198 2525 263 2574 «Die
283 2526 442 2575 Gesamtheit
460 2542 565 2575 unserer
583 2527 663 2576 Sinne
683 2527 715 2576 ist
733 2527 870 2591 gleichsam
893 2528 935 2575 die
953 2527 1098 2588 Klaviatur,

105 2606 150 2652 auf
172 2604 218 2653 der
243 2606 285 2653 die
311 2607 469 2656 Aussenwelt
495 2607 583 2670 spielt;
618 2608 659 2656 die
685 2607 741 2656 hier
769 2609 876 2656 drinnen
908 2608 1099 2657 entstehenden

106 2685 395 2750 Sinnesempfindungen
422 2687 508 2735 haben
535 2687 579 2735 mit
606 2689 651 2735 der
677 2688 796 2736 draussen
821 2689 969 2752 spielenden
990 2685 1099 2737 Aussen·

105 2767 163 2815 welt
183 2766 252 2815 nicht
270 2765 312 2815 die
331 2769 459 2831 geringste
478 2757 658 2827 iihnlichkein
687 2769 724 2816 sie
744 2768 802 2816 sind
821 2767 891 2817 nieht
910 2769 1013 2829 Bilder,
1041 2785 1098 2818 son-

106 2844 167 2894 dern
188 2846 308 2908 Symbole
326 2848 365 2894 fiir
384 2848 423 2896 die
443 2847 626 2911 Gegenstiinde
652 2850 705 2897 und
724 2849 844 2897 Processe
870 2849 896 2896 in
923 2850 969 2898 der
988 2849 1097 2897 Aussen-

105 2926 178 2983 welt;
199 2927 235 2974 sie
254 2928 423 2992 entsprechen
443 2927 530 2976 diesen
549 2936 613 2976 etwa
632 2943 660 2976 so
678 2928 725 2977 wie
745 2929 785 2976 die
799 2929 957 2992 Schriftzssge
976 2929 1031 2976 und
1051 2929 1097 2977 der

106 3005 230 3054 Wortlaut
257 3007 314 3054 dem
340 3007 418 3055 damit
442 3006 624 3056 bezeichneten
650 3009 748 3073 Dinge;
783 3009 820 3057 sie
845 3009 928 3073 geben
955 3025 1004 3057 uns
1030 3027 1097 3058 zwar

105 3085 245 3132 Nnchricht
264 3102 313 3132 von
333 3088 382 3133 den
402 3086 675 3149 Eigentumlichkeiten
695 3090 742 3138 der
759 3089 923 3148 Aussenwelt,
944 3090 1007 3138 aber
1026 3090 1096 3138 nicht

102 3161 205 3217 besser,
234 3163 270 3208 als
296 3164 342 3210 wir
366 3166 448 3211 einem
474 3166 698 3229 Blindgeborenen
726 3169 806 3217 durch
831 3169 1096 3234 Wortbeschreibung

103 3251 152 3354 lvon
172 3237 217 3282 der
229 3239 311 3286 Farbe
323 3240 464 3378 Nachriclpt
476 3243 575 3304 geben
594 3242 758 3308 (Helmholts,
774 3256 801 3296 ut
814 3249 923 3298 refertur
936 3251 1006 3313 apud
1021 3252 1094 3299 Pesclt

143 3325 163 3354 c
183 3327 208 3370 p
230 3322 259 3371 51
281 3324 306 3360 et
326 3326 358 3376 52
387 3329 431 3364 not
