<?xml version="1.0" encoding="UTF-8"?>
<!DOCTYPE html PUBLIC "-//W3C//DTD XHTML 1.0 Transitional//EN"
    "http://www.w3.org/TR/xhtml1/DTD/xhtml1-transitional.dtd">
<html xmlns="http://www.w3.org/1999/xhtml" xml:lang="en" lang="en">
 <head>
  <title>
</title>
<meta http-equiv="Content-Type" content="text/html;charset=utf-8" />
  <meta name='ocr-system' content='tesseract 3.04.00' />
  <meta name='ocr-capabilities' content='ocr_page ocr_carea ocr_par ocr_line ocrx_word'/>
</head>
<body>
  <div class='ocr_page' id='page_1' title='image "./elementaphiloso00reingoog_0023.png"; bbox 0 0 2350 3700; ppageno 0'>
   <div class='ocr_carea' id='block_1_1' title="bbox 481 161 580 198">
    <p class='ocr_par' dir='ltr' id='par_1_1' title="bbox 481 161 580 198">
     <span class='ocr_line' id='line_1_1' title="bbox 481 161 580 198; baseline 0.01 -2"><span class='ocrx_word' id='word_1_1' title='bbox 481 161 580 198; x_wconf 71' lang='lat' dir='ltr'><strong>tubex.</strong></span> 
     </span>
    </p>
   </div>
   <div class='ocr_carea' id='block_1_2' title="bbox 69 368 1027 996">
    <p class='ocr_par' dir='ltr' id='par_1_2' title="bbox 69 368 1027 996">
     <span class='ocr_line' id='line_1_2' title="bbox 114 368 917 436; baseline -0.002 -16"><span class='ocrx_word' id='word_1_2' title='bbox 114 368 132 435; x_wconf 66' lang='grc' dir='ltr'>ξ</span> <span class='ocrx_word' id='word_1_3' title='bbox 154 383 181 420; x_wconf 86' lang='lat'><strong>2.</strong></span> <span class='ocrx_word' id='word_1_4' title='bbox 208 372 250 420; x_wconf 90' lang='lat' dir='ltr'><strong>De</strong></span> <span class='ocrx_word' id='word_1_5' title='bbox 268 371 381 422; x_wconf 84' lang='lat' dir='ltr'><strong>veritatis</strong></span> <span class='ocrx_word' id='word_1_6' title='bbox 398 372 526 436; x_wconf 70' lang='lat' dir='ltr'>perfectae</span> <span class='ocrx_word' id='word_1_7' title='bbox 544 369 665 436; x_wconf 83' lang='lat' dir='ltr'><strong>opposito</strong></span> <span class='ocrx_word' id='word_1_8' title='bbox 683 371 738 419; x_wconf 87' lang='lat' dir='ltr'><strong>sive</strong></span> <span class='ocrx_word' id='word_1_9' title='bbox 756 369 789 420; x_wconf 87' lang='lat' dir='ltr'><strong>de</strong></span> <span class='ocrx_word' id='word_1_10' title='bbox 808 385 892 421; x_wconf 84' lang='lat' dir='ltr'><strong>errore</strong></span> <span class='ocrx_word' id='word_1_11' title='bbox 911 407 917 418; x_wconf 88' lang='lat'><strong>.</strong></span> 
     </span>
     <span class='ocr_line' id='line_1_3' title="bbox 218 449 505 516; baseline -0.003 -17"><span class='ocrx_word' id='word_1_12' title='bbox 218 452 238 500; x_wconf 93' lang='lat' dir='ltr'><strong>I.</strong></span> <span class='ocrx_word' id='word_1_13' title='bbox 265 449 345 500; x_wconf 89' lang='lat' dir='ltr'><strong>Notio</strong></span> <span class='ocrx_word' id='word_1_14' title='bbox 364 460 389 500; x_wconf 91' lang='lat' dir='ltr'><strong>et</strong></span> <span class='ocrx_word' id='word_1_15' title='bbox 407 451 505 516; x_wconf 89' lang='lat' dir='ltr'><strong>species</strong></span> 
     </span>
     <span class='ocr_line' id='line_1_4' title="bbox 208 531 1026 590; baseline -0.001 -12"><span class='ocrx_word' id='word_1_16' title='bbox 208 532 242 581; x_wconf 90' lang='lat'><strong>11.</strong></span> <span class='ocrx_word' id='word_1_17' title='bbox 267 531 367 580; x_wconf 80' lang='lat' dir='ltr'><strong>Erratis</strong></span> <span class='ocrx_word' id='word_1_18' title='bbox 386 547 475 580; x_wconf 87' lang='lat' dir='ltr'><strong>causae</strong></span> <span class='ocrx_word' id='word_1_19' title='bbox 510 567 918 581; x_wconf 89' lang='lat'>......</span> <span class='ocrx_word' id='word_1_20' title='bbox 977 531 1026 590; x_wconf 81' lang='lat'><strong>169</strong></span> 
     </span>
     <span class='ocr_line' id='line_1_5' title="bbox 69 609 1027 671; baseline -0.002 -11"><span class='ocrx_word' id='word_1_21' title='bbox 69 613 127 660; x_wconf 89' lang='lat' dir='ltr'><strong>Art.</strong></span> <span class='ocrx_word' id='word_1_22' title='bbox 149 612 184 660; x_wconf 91' lang='lat' dir='ltr'><strong>II.</strong></span> <span class='ocrx_word' id='word_1_23' title='bbox 212 611 253 660; x_wconf 91' lang='lat' dir='ltr'><strong>De</strong></span> <span class='ocrx_word' id='word_1_24' title='bbox 272 610 424 660; x_wconf 82' lang='lat' dir='ltr'>certitudine</span> <span class='ocrx_word' id='word_1_25' title='bbox 440 648 918 660; x_wconf 88' lang='grc'><strong>.......</strong></span> <span class='ocrx_word' id='word_1_26' title='bbox 978 609 1027 671; x_wconf 85' lang='grc'>169</span> 
     </span>
     <span class='ocr_line' id='line_1_6' title="bbox 116 688 1026 755; baseline 0.001 -17"><span class='ocrx_word' id='word_1_27' title='bbox 116 688 135 755; x_wconf 66' lang='grc' dir='ltr'><strong>ξ</strong></span> <span class='ocrx_word' id='word_1_28' title='bbox 158 704 182 740; x_wconf 90' lang='grc'>1.</span> <span class='ocrx_word' id='word_1_29' title='bbox 209 690 290 740; x_wconf 92' lang='lat' dir='ltr'><strong>Notio</strong></span> <span class='ocrx_word' id='word_1_30' title='bbox 309 691 468 740; x_wconf 79' lang='lat' dir='ltr'><strong>certitudinis</strong></span> <span class='ocrx_word' id='word_1_31' title='bbox 509 727 918 740; x_wconf 86' lang='grc'><strong>......</strong></span> <span class='ocrx_word' id='word_1_32' title='bbox 977 691 1026 753; x_wconf 80' lang='grc'>169</span> 
     </span>
     <span class='ocr_line' id='line_1_7' title="bbox 117 769 1027 836; baseline -0.001 -17"><span class='ocrx_word' id='word_1_33' title='bbox 117 769 135 835; x_wconf 65' lang='grc' dir='ltr'>ξ</span> <span class='ocrx_word' id='word_1_34' title='bbox 157 784 182 821; x_wconf 88' lang='lat'><strong>2.</strong></span> <span class='ocrx_word' id='word_1_35' title='bbox 209 773 251 820; x_wconf 96' lang='lat' dir='ltr'><strong>De</strong></span> <span class='ocrx_word' id='word_1_36' title='bbox 269 771 397 836; x_wconf 90' lang='lat' dir='ltr'><strong>principio</strong></span> <span class='ocrx_word' id='word_1_37' title='bbox 416 771 575 821; x_wconf 85' lang='lat' dir='ltr'><strong>certitudinis</strong></span> <span class='ocrx_word' id='word_1_38' title='bbox 593 772 647 820; x_wconf 82' lang='lat' dir='ltr'><strong>sive</strong></span> <span class='ocrx_word' id='word_1_39' title='bbox 666 772 698 821; x_wconf 91' lang='lat' dir='ltr'><strong>de</strong></span> <span class='ocrx_word' id='word_1_40' title='bbox 717 769 847 820; x_wconf 85' lang='lat' dir='ltr'><strong>evidentia</strong></span> <span class='ocrx_word' id='word_1_41' title='bbox 913 809 918 819; x_wconf 92' lang='lat'>.</span> <span class='ocrx_word' id='word_1_42' title='bbox 977 780 1027 832; x_wconf 89' lang='grc' dir='ltr'>17ο</span> 
     </span>
     <span class='ocr_line' id='line_1_8' title="bbox 118 848 1026 916; baseline 0 -17"><span class='ocrx_word' id='word_1_43' title='bbox 118 848 137 916; x_wconf 67' lang='grc' dir='ltr'><strong>ξ</strong></span> <span class='ocrx_word' id='word_1_44' title='bbox 158 863 184 915; x_wconf 84' lang='lat'><strong>3.</strong></span> <span class='ocrx_word' id='word_1_45' title='bbox 211 851 253 900; x_wconf 93' lang='lat' dir='ltr'><strong>De</strong></span> <span class='ocrx_word' id='word_1_46' title='bbox 271 851 427 901; x_wconf 83' lang='lat' dir='ltr'><strong>certitudinis</strong></span> <span class='ocrx_word' id='word_1_47' title='bbox 446 851 581 916; x_wconf 81' lang='lat' dir='ltr'><strong>speciebus</strong></span> <span class='ocrx_word' id='word_1_48' title='bbox 593 888 919 901; x_wconf 80' lang='grc'><strong>.....</strong></span> <span class='ocrx_word' id='word_1_49' title='bbox 978 860 1026 913; x_wconf 81' lang='grc'>173</span> 
     </span>
     <span class='ocr_line' id='line_1_9' title="bbox 118 927 1027 996; baseline 0 -16"><span class='ocrx_word' id='word_1_50' title='bbox 118 927 137 996; x_wconf 66' lang='grc' dir='ltr'><strong>ξ</strong></span> <span class='ocrx_word' id='word_1_51' title='bbox 157 945 183 991; x_wconf 89' lang='lat'><strong>4.</strong></span> <span class='ocrx_word' id='word_1_52' title='bbox 210 931 251 980; x_wconf 89' lang='lat' dir='ltr'><strong>De</strong></span> <span class='ocrx_word' id='word_1_53' title='bbox 264 931 421 981; x_wconf 84' lang='lat' dir='ltr'><strong>certitudinis</strong></span> <span class='ocrx_word' id='word_1_54' title='bbox 434 931 559 996; x_wconf 89' lang='lat' dir='ltr'><strong>oppositis</strong></span> <span class='ocrx_word' id='word_1_55' title='bbox 571 931 623 980; x_wconf 88' lang='lat' dir='ltr'><strong>sive</strong></span> <span class='ocrx_word' id='word_1_56' title='bbox 633 931 666 981; x_wconf 89' lang='lat' dir='ltr'><strong>de</strong></span> <span class='ocrx_word' id='word_1_57' title='bbox 675 930 755 980; x_wconf 92' lang='lat' dir='ltr'><strong>dubio</strong></span> <span class='ocrx_word' id='word_1_58' title='bbox 764 938 791 980; x_wconf 92' lang='lat' dir='ltr'><strong>et</strong></span> <span class='ocrx_word' id='word_1_59' title='bbox 800 929 921 996; x_wconf 90' lang='lat' dir='ltr'><strong>opinione</strong></span> <span class='ocrx_word' id='word_1_60' title='bbox 978 931 1027 992; x_wconf 92' lang='grc'>176</span> 
     </span>
    </p>
   </div>
   <div class='ocr_carea' id='block_1_3' title="bbox 420 1101 643 1144">
    <p class='ocr_par' dir='ltr' id='par_1_3' title="bbox 420 1101 643 1144">
     <span class='ocr_line' id='line_1_10' title="bbox 420 1101 643 1144; baseline 0.004 -2"><span class='ocrx_word' id='word_1_61' title='bbox 420 1101 497 1144; x_wconf 86' lang='lat' dir='ltr'><strong>PARS</strong></span> <span class='ocrx_word' id='word_1_62' title='bbox 517 1101 643 1144; x_wconf 79' lang='lat' dir='ltr'><strong>TERTIA.</strong></span> 
     </span>
    </p>
   </div>
   <div class='ocr_carea' id='block_1_4' title="bbox 274 1187 782 1254">
    <p class='ocr_par' dir='ltr' id='par_1_4' title="bbox 274 1187 782 1254">
     <span class='ocr_line' id='line_1_11' title="bbox 274 1187 782 1254; baseline 0.004 -3"><span class='ocrx_word' id='word_1_63' title='bbox 274 1187 782 1254; x_wconf 84' lang='lat' dir='ltr'><strong>METHODOLOGIA.</strong></span> 
     </span>
    </p>
   </div>
   <div class='ocr_carea' id='block_1_5' title="bbox 28 1314 220 1363">
    <p class='ocr_par' dir='ltr' id='par_1_5' title="bbox 28 1314 220 1363">
     <span class='ocr_line' id='line_1_12' title="bbox 28 1314 220 1363; baseline 0 -1"><span class='ocrx_word' id='word_1_64' title='bbox 28 1314 220 1363; x_wconf 85' lang='lat' dir='ltr'><strong>Praenotiones</strong></span> 
     </span>
    </p>
   </div>
   <div class='ocr_carea' id='block_1_6' title="bbox 41 1410 922 2037">
    <p class='ocr_par' dir='ltr' id='par_1_6' title="bbox 41 1410 920 1634">
     <span class='ocr_line' id='line_1_13' title="bbox 41 1410 920 1476; baseline 0 -16"><span class='ocrx_word' id='word_1_65' title='bbox 41 1411 132 1475; x_wconf 88' lang='lat' dir='ltr'><strong>Caput</strong></span> <span class='ocrx_word' id='word_1_66' title='bbox 165 1411 186 1460; x_wconf 90' lang='lat'><strong>1.</strong></span> <span class='ocrx_word' id='word_1_67' title='bbox 213 1411 254 1460; x_wconf 91' lang='lat' dir='ltr'><strong>De</strong></span> <span class='ocrx_word' id='word_1_68' title='bbox 273 1410 394 1460; x_wconf 85' lang='lat' dir='ltr'><strong>methodo</strong></span> <span class='ocrx_word' id='word_1_69' title='bbox 413 1410 530 1460; x_wconf 88' lang='lat' dir='ltr'><strong>notiones</strong></span> <span class='ocrx_word' id='word_1_70' title='bbox 548 1411 700 1476; x_wconf 86' lang='lat' dir='ltr'><strong>explanandi</strong></span> <span class='ocrx_word' id='word_1_71' title='bbox 754 1450 759 1461; x_wconf 94' lang='lat'><em>.</em></span> <span class='ocrx_word' id='word_1_72' title='bbox 834 1449 839 1460; x_wconf 94' lang='lat'>.</span> <span class='ocrx_word' id='word_1_73' title='bbox 914 1449 920 1460; x_wconf 89' lang='lat'><strong>.</strong></span> 
     </span>
     <span class='ocr_line' id='line_1_14' title="bbox 75 1489 920 1541; baseline 0.002 -3"><span class='ocrx_word' id='word_1_74' title='bbox 75 1493 134 1539; x_wconf 88' lang='lat' dir='ltr'><strong>Art.</strong></span> <span class='ocrx_word' id='word_1_75' title='bbox 163 1491 185 1541; x_wconf 91' lang='lat'><strong>1.</strong></span> <span class='ocrx_word' id='word_1_76' title='bbox 211 1489 377 1540; x_wconf 86' lang='lat' dir='ltr'><strong>Definitionis</strong></span> <span class='ocrx_word' id='word_1_77' title='bbox 395 1499 422 1540; x_wconf 91' lang='lat' dir='ltr'><strong>et</strong></span> <span class='ocrx_word' id='word_1_78' title='bbox 440 1489 571 1540; x_wconf 87' lang='lat' dir='ltr'><strong>divisionis</strong></span> <span class='ocrx_word' id='word_1_79' title='bbox 589 1490 661 1540; x_wconf 89' lang='lat' dir='ltr'><strong>notio</strong></span> <span class='ocrx_word' id='word_1_80' title='bbox 680 1491 839 1540; x_wconf 70' lang='lat' dir='ltr'><strong>declaratur.</strong></span> <span class='ocrx_word' id='word_1_81' title='bbox 913 1528 920 1539; x_wconf 91' lang='lat'>.</span> 
     </span>
     <span class='ocr_line' id='line_1_15' title="bbox 122 1567 920 1634; baseline 0.003 -16"><span class='ocrx_word' id='word_1_82' title='bbox 122 1567 141 1634; x_wconf 69' lang='grc' dir='ltr'>ξ</span> <span class='ocrx_word' id='word_1_83' title='bbox 164 1582 186 1620; x_wconf 92' lang='lat'><strong>1.</strong></span> <span class='ocrx_word' id='word_1_84' title='bbox 212 1570 254 1619; x_wconf 89' lang='lat' dir='ltr'><strong>De</strong></span> <span class='ocrx_word' id='word_1_85' title='bbox 273 1569 420 1620; x_wconf 86' lang='lat' dir='ltr'><strong>definitione</strong></span> <span class='ocrx_word' id='word_1_86' title='bbox 432 1608 920 1622; x_wconf 82' lang='grc'><strong>.......</strong></span> 
     </span>
    </p>

    <p class='ocr_par' dir='ltr' id='par_1_7' title="bbox 74 1647 922 1862">
     <span class='ocr_line' id='line_1_16' title="bbox 123 1647 920 1716; baseline 0 -17"><span class='ocrx_word' id='word_1_87' title='bbox 123 1647 141 1714; x_wconf 61' lang='grc' dir='ltr'>ᾖ</span> <span class='ocrx_word' id='word_1_88' title='bbox 162 1663 187 1701; x_wconf 88' lang='lat'><strong>2.</strong></span> <span class='ocrx_word' id='word_1_89' title='bbox 214 1650 255 1700; x_wconf 89' lang='lat' dir='ltr'><strong>De</strong></span> <span class='ocrx_word' id='word_1_90' title='bbox 273 1650 399 1700; x_wconf 89' lang='lat' dir='ltr'><strong>divisione</strong></span> <span class='ocrx_word' id='word_1_91' title='bbox 418 1650 503 1716; x_wconf 85' lang='lat' dir='ltr'><strong>logica</strong></span> <span class='ocrx_word' id='word_1_92' title='bbox 513 1687 920 1700; x_wconf 90' lang='grc'>......</span> 
     </span>
     <span class='ocr_line' id='line_1_17' title="bbox 74 1729 922 1796; baseline 0.002 -18"><span class='ocrx_word' id='word_1_93' title='bbox 74 1733 133 1780; x_wconf 85' lang='lat' dir='ltr'><strong>Art.</strong></span> <span class='ocrx_word' id='word_1_94' title='bbox 153 1731 187 1778; x_wconf 88' lang='lat'><strong>11.</strong></span> <span class='ocrx_word' id='word_1_95' title='bbox 215 1731 255 1779; x_wconf 92' lang='lat' dir='ltr'><strong>De</strong></span> <span class='ocrx_word' id='word_1_96' title='bbox 272 1730 393 1780; x_wconf 92' lang='lat' dir='ltr'><strong>methodo</strong></span> <span class='ocrx_word' id='word_1_97' title='bbox 409 1731 526 1780; x_wconf 85' lang='lat' dir='ltr'><strong>notiones</strong></span> <span class='ocrx_word' id='word_1_98' title='bbox 538 1730 693 1795; x_wconf 86' lang='lat' dir='ltr'><strong>explanandi</strong></span> <span class='ocrx_word' id='word_1_99' title='bbox 706 1746 755 1796; x_wconf 92' lang='lat' dir='ltr'><strong>ope</strong></span> <span class='ocrx_word' id='word_1_100' title='bbox 768 1729 922 1780; x_wconf 85' lang='lat' dir='ltr'><strong>definitionis</strong></span> 
     </span>
     <span class='ocr_line' id='line_1_18' title="bbox 245 1809 921 1862; baseline 0.003 -2"><span class='ocrx_word' id='word_1_101' title='bbox 245 1819 270 1860; x_wconf 90' lang='lat' dir='ltr'><strong>et</strong></span> <span class='ocrx_word' id='word_1_102' title='bbox 289 1809 421 1862; x_wconf 84' lang='lat' dir='ltr'><strong>divisionis</strong></span> <span class='ocrx_word' id='word_1_103' title='bbox 435 1847 921 1862; x_wconf 88' lang='grc'><strong>.......</strong></span> 
     </span>
    </p>

    <p class='ocr_par' dir='ltr' id='par_1_8' title="bbox 122 1890 920 1955">
     <span class='ocr_line' id='line_1_19' title="bbox 122 1890 920 1955; baseline 0.001 -16"><span class='ocrx_word' id='word_1_104' title='bbox 122 1890 140 1955; x_wconf 66' lang='grc' dir='ltr'>ξ</span> <span class='ocrx_word' id='word_1_105' title='bbox 163 1906 185 1940; x_wconf 87' lang='grc'>1.</span> <span class='ocrx_word' id='word_1_106' title='bbox 212 1893 252 1941; x_wconf 94' lang='lat' dir='ltr'><strong>De</strong></span> <span class='ocrx_word' id='word_1_107' title='bbox 271 1890 426 1942; x_wconf 87' lang='lat' dir='ltr'><strong>definitionis</strong></span> <span class='ocrx_word' id='word_1_108' title='bbox 444 1900 471 1941; x_wconf 85' lang='lat' dir='ltr'><strong>at</strong></span> <span class='ocrx_word' id='word_1_109' title='bbox 489 1890 621 1940; x_wconf 83' lang='lat' dir='ltr'><strong>divisionis</strong></span> <span class='ocrx_word' id='word_1_110' title='bbox 640 1906 687 1940; x_wconf 89' lang='lat' dir='ltr'><strong>usu</strong></span> <span class='ocrx_word' id='word_1_111' title='bbox 754 1930 759 1940; x_wconf 92' lang='lat'><em>.</em></span> <span class='ocrx_word' id='word_1_112' title='bbox 915 1931 920 1940; x_wconf 86' lang='lat'><em>.</em></span> 
     </span>
    </p>

    <p class='ocr_par' dir='ltr' id='par_1_9' title="bbox 122 1968 920 2037">
     <span class='ocr_line' id='line_1_20' title="bbox 122 1968 920 2037; baseline 0.003 -18"><span class='ocrx_word' id='word_1_113' title='bbox 122 1968 141 2036; x_wconf 62' lang='grc' dir='ltr'>ἐ</span> <span class='ocrx_word' id='word_1_114' title='bbox 161 1984 186 2021; x_wconf 84' lang='lat'><strong>2.</strong></span> <span class='ocrx_word' id='word_1_115' title='bbox 212 1973 252 2021; x_wconf 92' lang='lat' dir='ltr'><strong>De</strong></span> <span class='ocrx_word' id='word_1_116' title='bbox 272 1971 427 2022; x_wconf 89' lang='lat' dir='ltr'><strong>definitionis</strong></span> <span class='ocrx_word' id='word_1_117' title='bbox 446 1980 472 2022; x_wconf 92' lang='lat' dir='ltr'><strong>et</strong></span> <span class='ocrx_word' id='word_1_118' title='bbox 491 1970 622 2021; x_wconf 84' lang='lat' dir='ltr'><strong>divisionis</strong></span> <span class='ocrx_word' id='word_1_119' title='bbox 640 1971 734 2037; x_wconf 81' lang='lat' dir='ltr'><strong>regulis</strong></span> <span class='ocrx_word' id='word_1_120' title='bbox 754 2010 759 2021; x_wconf 90' lang='lat'>.</span> <span class='ocrx_word' id='word_1_121' title='bbox 835 2011 839 2022; x_wconf 92' lang='lat'>.</span> <span class='ocrx_word' id='word_1_122' title='bbox 914 2010 920 2021; x_wconf 85' lang='lat'><strong>.</strong></span> 
     </span>
    </p>
   </div>
   <div class='ocr_carea' id='block_1_7' title="bbox 45 2068 922 3094">
    <p class='ocr_par' dir='ltr' id='par_1_10' title="bbox 45 2068 921 2373">
     <span class='ocr_line' id='line_1_21' title="bbox 45 2068 921 2135; baseline 0.001 -17"><span class='ocrx_word' id='word_1_123' title='bbox 45 2070 135 2134; x_wconf 87' lang='lat' dir='ltr'><strong>Caput</strong></span> <span class='ocrx_word' id='word_1_124' title='bbox 153 2069 187 2118; x_wconf 90' lang='lat'><strong>11.</strong></span> <span class='ocrx_word' id='word_1_125' title='bbox 213 2070 254 2119; x_wconf 89' lang='lat' dir='ltr'><strong>De</strong></span> <span class='ocrx_word' id='word_1_126' title='bbox 273 2069 394 2119; x_wconf 90' lang='lat' dir='ltr'><strong>methodo</strong></span> <span class='ocrx_word' id='word_1_127' title='bbox 413 2068 575 2134; x_wconf 77' lang='lat' dir='ltr'><strong>quaestiones</strong></span> <span class='ocrx_word' id='word_1_128' title='bbox 587 2068 703 2121; x_wconf 86' lang='lat' dir='ltr'><strong>solvendi</strong></span> <span class='ocrx_word' id='word_1_129' title='bbox 715 2069 756 2119; x_wconf 92' lang='lat' dir='ltr'><strong>vel</strong></span> <span class='ocrx_word' id='word_1_130' title='bbox 768 2070 853 2119; x_wconf 78' lang='lat' dir='ltr'><strong>theses</strong></span> <span class='ocrx_word' id='word_1_131' title='bbox 864 2086 921 2135; x_wconf 80' lang='lat' dir='ltr'><strong>pro</strong></span> 
     </span>
     <span class='ocr_line' id='line_1_22' title="bbox 245 2149 919 2200; baseline 0.004 -3"><span class='ocrx_word' id='word_1_132' title='bbox 245 2149 324 2198; x_wconf 89' lang='lat' dir='ltr'><strong>bandi</strong></span> <span class='ocrx_word' id='word_1_133' title='bbox 352 2187 919 2200; x_wconf 87' lang='grc'><strong>........</strong></span> 
     </span>
     <span class='ocr_line' id='line_1_23' title="bbox 78 2228 920 2295; baseline 0.002 -18"><span class='ocrx_word' id='word_1_134' title='bbox 78 2232 137 2278; x_wconf 90' lang='lat' dir='ltr'><strong>Art.</strong></span> <span class='ocrx_word' id='word_1_135' title='bbox 167 2229 186 2279; x_wconf 95' lang='grc' dir='ltr'><strong>Ι.</strong></span> <span class='ocrx_word' id='word_1_136' title='bbox 214 2230 255 2278; x_wconf 91' lang='lat' dir='ltr'><strong>De</strong></span> <span class='ocrx_word' id='word_1_137' title='bbox 274 2230 313 2289; x_wconf 86' lang='lat' dir='ltr'><strong>iis,</strong></span> <span class='ocrx_word' id='word_1_138' title='bbox 333 2245 398 2293; x_wconf 89' lang='lat' dir='ltr'><strong>quae</strong></span> <span class='ocrx_word' id='word_1_139' title='bbox 416 2228 560 2295; x_wconf 88' lang='lat' dir='ltr'><strong>probationi</strong></span> <span class='ocrx_word' id='word_1_140' title='bbox 580 2238 639 2277; x_wconf 90' lang='lat' dir='ltr'><strong>sunt</strong></span> <span class='ocrx_word' id='word_1_141' title='bbox 656 2230 842 2293; x_wconf 86' lang='lat' dir='ltr'><strong>praemittenda</strong></span> <span class='ocrx_word' id='word_1_142' title='bbox 914 2266 920 2279; x_wconf 89' lang='lat'>.</span> 
     </span>
     <span class='ocr_line' id='line_1_24' title="bbox 124 2306 920 2373; baseline 0.003 -16"><span class='ocrx_word' id='word_1_143' title='bbox 124 2306 142 2373; x_wconf 63' lang='grc' dir='ltr'>ᾖ</span> <span class='ocrx_word' id='word_1_144' title='bbox 165 2322 187 2360; x_wconf 90' lang='grc'>1.</span> <span class='ocrx_word' id='word_1_145' title='bbox 213 2310 254 2357; x_wconf 92' lang='lat' dir='ltr'><strong>De</strong></span> <span class='ocrx_word' id='word_1_146' title='bbox 273 2309 430 2359; x_wconf 77' lang='lat' dir='ltr'><strong>dubitatione</strong></span> <span class='ocrx_word' id='word_1_147' title='bbox 450 2308 603 2359; x_wconf 84' lang='lat' dir='ltr'><strong>scholastica</strong></span> <span class='ocrx_word' id='word_1_148' title='bbox 675 2348 680 2357; x_wconf 91' lang='lat'>.</span> <span class='ocrx_word' id='word_1_149' title='bbox 755 2348 760 2359; x_wconf 94' lang='lat'>.</span> <span class='ocrx_word' id='word_1_150' title='bbox 835 2348 840 2359; x_wconf 93' lang='lat'>.</span> <span class='ocrx_word' id='word_1_151' title='bbox 914 2348 920 2359; x_wconf 93' lang='lat'><em>.</em></span> 
     </span>
    </p>

    <p class='ocr_par' dir='ltr' id='par_1_11' title="bbox 76 2384 922 3094">
     <span class='ocr_line' id='line_1_25' title="bbox 123 2384 514 2453; baseline 0.003 -17"><span class='ocrx_word' id='word_1_152' title='bbox 123 2384 141 2453; x_wconf 67' lang='grc' dir='ltr'>ξ</span> <span class='ocrx_word' id='word_1_153' title='bbox 161 2401 185 2438; x_wconf 87' lang='lat'><strong>2.</strong></span> <span class='ocrx_word' id='word_1_154' title='bbox 212 2388 253 2437; x_wconf 95' lang='lat' dir='ltr'><strong>De</strong></span> <span class='ocrx_word' id='word_1_155' title='bbox 272 2397 338 2438; x_wconf 83' lang='lat' dir='ltr'><strong>statu</strong></span> <span class='ocrx_word' id='word_1_156' title='bbox 357 2388 514 2453; x_wconf 73' lang='lat' dir='ltr'><strong>quaestionis</strong></span> 
     </span>
     <span class='ocr_line' id='line_1_26' title="bbox 76 2457 920 2534; baseline 0.002 -17"><span class='ocrx_word' id='word_1_157' title='bbox 76 2471 133 2518; x_wconf 90' lang='lat' dir='ltr'><strong>Art.</strong></span> <span class='ocrx_word' id='word_1_158' title='bbox 153 2469 187 2517; x_wconf 91' lang='lat' dir='ltr'><strong>Il.</strong></span> <span class='ocrx_word' id='word_1_159' title='bbox 215 2469 256 2517; x_wconf 94' lang='lat' dir='ltr'><strong>De</strong></span> <span class='ocrx_word' id='word_1_160' title='bbox 275 2468 331 2533; x_wconf 89' lang='lat' dir='ltr'><strong>ipsa</strong></span> <span class='ocrx_word' id='word_1_161' title='bbox 348 2469 520 2534; x_wconf 78' lang='lat' dir='ltr'><strong>probatione.</strong></span> <span class='ocrx_word' id='word_1_162' title='bbox 595 2507 600 2517; x_wconf 90' lang='lat'>.</span> <span class='ocrx_word' id='word_1_163' title='bbox 623 2457 628 2469; x_wconf 67' lang='lat'><strong><em>⁹</em></strong></span> <span class='ocrx_word' id='word_1_164' title='bbox 675 2508 680 2517; x_wconf 95' lang='lat'><em>.</em></span> <span class='ocrx_word' id='word_1_165' title='bbox 755 2508 760 2517; x_wconf 95' lang='lat'><em>.</em></span> <span class='ocrx_word' id='word_1_166' title='bbox 834 2509 839 2518; x_wconf 89' lang='lat'><em>.</em></span> <span class='ocrx_word' id='word_1_167' title='bbox 915 2507 920 2519; x_wconf 93' lang='lat'><strong>.</strong></span> 
     </span>
     <span class='ocr_line' id='line_1_27' title="bbox 122 2544 919 2615; baseline 0.001 -18"><span class='ocrx_word' id='word_1_168' title='bbox 122 2544 140 2613; x_wconf 66' lang='grc' dir='ltr'><strong>ἓ</strong></span> <span class='ocrx_word' id='word_1_169' title='bbox 162 2562 184 2599; x_wconf 90' lang='lat'><strong>1.</strong></span> <span class='ocrx_word' id='word_1_170' title='bbox 211 2549 252 2598; x_wconf 91' lang='lat' dir='ltr'><strong>De</strong></span> <span class='ocrx_word' id='word_1_171' title='bbox 271 2549 377 2598; x_wconf 87' lang='lat' dir='ltr'><strong>diversis</strong></span> <span class='ocrx_word' id='word_1_172' title='bbox 396 2549 573 2615; x_wconf 88' lang='lat' dir='ltr'><strong>probationum</strong></span> <span class='ocrx_word' id='word_1_173' title='bbox 593 2549 728 2614; x_wconf 85' lang='lat' dir='ltr'><strong>speciebus</strong></span> <span class='ocrx_word' id='word_1_174' title='bbox 754 2589 759 2599; x_wconf 91' lang='lat'>.</span> <span class='ocrx_word' id='word_1_175' title='bbox 834 2589 839 2598; x_wconf 94' lang='lat'><em>.</em></span> <span class='ocrx_word' id='word_1_176' title='bbox 914 2588 919 2598; x_wconf 90' lang='lat'>.</span> 
     </span>
     <span class='ocr_line' id='line_1_28' title="bbox 217 2628 919 2695; baseline 0.001 -18"><span class='ocrx_word' id='word_1_177' title='bbox 217 2629 237 2678; x_wconf 91' lang='grc' dir='ltr'><strong>Ι.</strong></span> <span class='ocrx_word' id='word_1_178' title='bbox 264 2630 305 2677; x_wconf 92' lang='lat' dir='ltr'><strong>De</strong></span> <span class='ocrx_word' id='word_1_179' title='bbox 324 2630 478 2695; x_wconf 84' lang='lat' dir='ltr'><strong>argumentis</strong></span> <span class='ocrx_word' id='word_1_180' title='bbox 496 2628 634 2679; x_wconf 86' lang='lat' dir='ltr'><strong>dialecticis</strong></span> <span class='ocrx_word' id='word_1_181' title='bbox 672 2666 679 2678; x_wconf 90' lang='lat'>.</span> <span class='ocrx_word' id='word_1_182' title='bbox 752 2668 757 2678; x_wconf 91' lang='lat'>.</span> <span class='ocrx_word' id='word_1_183' title='bbox 833 2668 838 2678; x_wconf 88' lang='lat'>.</span> <span class='ocrx_word' id='word_1_184' title='bbox 914 2669 919 2678; x_wconf 89' lang='lat'><strong>.</strong></span> 
     </span>
     <span class='ocr_line' id='line_1_29' title="bbox 268 2709 917 2775; baseline 0.002 -18"><span class='ocrx_word' id='word_1_185' title='bbox 268 2710 300 2758; x_wconf 86' lang='lat' dir='ltr'><strong>A.</strong></span> <span class='ocrx_word' id='word_1_186' title='bbox 327 2709 367 2758; x_wconf 92' lang='lat' dir='ltr'><strong>De</strong></span> <span class='ocrx_word' id='word_1_187' title='bbox 386 2718 535 2774; x_wconf 86' lang='lat' dir='ltr'><strong>argumento</strong></span> <span class='ocrx_word' id='word_1_188' title='bbox 554 2725 601 2775; x_wconf 90' lang='lat' dir='ltr'><strong>per</strong></span> <span class='ocrx_word' id='word_1_189' title='bbox 618 2710 760 2774; x_wconf 74' lang='lat' dir='ltr'><strong>analogiam</strong></span> <span class='ocrx_word' id='word_1_190' title='bbox 833 2749 837 2759; x_wconf 95' lang='lat'>.</span> <span class='ocrx_word' id='word_1_191' title='bbox 912 2749 917 2758; x_wconf 94' lang='lat'><em>.</em></span> 
     </span>
     <span class='ocr_line' id='line_1_30' title="bbox 267 2788 920 2855; baseline 0 -17"><span class='ocrx_word' id='word_1_192' title='bbox 267 2789 296 2838; x_wconf 91' lang='lat' dir='ltr'><strong>B.</strong></span> <span class='ocrx_word' id='word_1_193' title='bbox 323 2788 364 2838; x_wconf 93' lang='lat' dir='ltr'><strong>De</strong></span> <span class='ocrx_word' id='word_1_194' title='bbox 383 2789 600 2855; x_wconf 85' lang='lat' dir='ltr'><strong>argumentatione</strong></span> <span class='ocrx_word' id='word_1_195' title='bbox 618 2805 665 2853; x_wconf 87' lang='lat' dir='ltr'><strong>per</strong></span> <span class='ocrx_word' id='word_1_196' title='bbox 683 2789 843 2854; x_wconf 84' lang='lat' dir='ltr'><strong>hypothesim</strong></span> <span class='ocrx_word' id='word_1_197' title='bbox 915 2829 920 2838; x_wconf 90' lang='lat'><strong>.</strong></span> 
     </span>
     <span class='ocr_line' id='line_1_31' title="bbox 207 2867 922 2935; baseline 0.003 -19"><span class='ocrx_word' id='word_1_198' title='bbox 207 2868 241 2918; x_wconf 90' lang='lat'><strong>11.</strong></span> <span class='ocrx_word' id='word_1_199' title='bbox 267 2867 308 2919; x_wconf 91' lang='lat' dir='ltr'><strong>De</strong></span> <span class='ocrx_word' id='word_1_200' title='bbox 334 2869 487 2935; x_wconf 84' lang='lat' dir='ltr'><strong>argumentis</strong></span> <span class='ocrx_word' id='word_1_201' title='bbox 513 2869 716 2919; x_wconf 84' lang='lat' dir='ltr'><strong>demonstrativis</strong></span> <span class='ocrx_word' id='word_1_202' title='bbox 741 2870 795 2917; x_wconf 83' lang='lat' dir='ltr'><strong>aive</strong></span> <span class='ocrx_word' id='word_1_203' title='bbox 822 2872 854 2918; x_wconf 89' lang='lat' dir='ltr'><strong>de</strong></span> <span class='ocrx_word' id='word_1_204' title='bbox 879 2870 922 2918; x_wconf 90' lang='lat' dir='ltr'><strong>de-</strong></span> 
     </span>
     <span class='ocr_line' id='line_1_32' title="bbox 304 2948 918 2999; baseline -0.002 0"><span class='ocrx_word' id='word_1_205' title='bbox 304 2948 497 2999; x_wconf 80' lang='lat' dir='ltr'><strong>monstratione</strong></span> <span class='ocrx_word' id='word_1_206' title='bbox 512 2988 918 2999; x_wconf 91' lang='grc'><strong>......</strong></span> 
     </span>
     <span class='ocr_line' id='line_1_33' title="bbox 123 3025 919 3094; baseline 0 -17"><span class='ocrx_word' id='word_1_207' title='bbox 123 3025 141 3093; x_wconf 65' lang='lat' dir='ltr'>fi</span> <span class='ocrx_word' id='word_1_208' title='bbox 161 3042 185 3078; x_wconf 78' lang='lat'><strong>2,</strong></span> <span class='ocrx_word' id='word_1_209' title='bbox 212 3030 252 3079; x_wconf 90' lang='lat' dir='ltr'><strong>De</strong></span> <span class='ocrx_word' id='word_1_210' title='bbox 271 3030 465 3094; x_wconf 87' lang='lat' dir='ltr'><strong>probationibus</strong></span> <span class='ocrx_word' id='word_1_211' title='bbox 485 3029 645 3079; x_wconf 84' lang='lat' dir='ltr'><strong>inveniendis</strong></span> <span class='ocrx_word' id='word_1_212' title='bbox 664 3039 690 3080; x_wconf 89' lang='lat' dir='ltr'><strong>et</strong></span> <span class='ocrx_word' id='word_1_213' title='bbox 708 3028 859 3078; x_wconf 85' lang='lat' dir='ltr'><strong>ordinandis</strong></span> <span class='ocrx_word' id='word_1_214' title='bbox 915 3068 919 3077; x_wconf 92' lang='lat'>.</span> 
     </span>
    </p>
   </div>
   <div class='ocr_carea' id='block_1_8' title="bbox 50 3126 921 3256">
    <p class='ocr_par' dir='ltr' id='par_1_12' title="bbox 50 3126 921 3256">
     <span class='ocr_line' id='line_1_34' title="bbox 50 3126 920 3191; baseline -0.001 -16"><span class='ocrx_word' id='word_1_215' title='bbox 50 3128 135 3191; x_wconf 88' lang='lat' dir='ltr'><strong>Caput</strong></span> <span class='ocrx_word' id='word_1_216' title='bbox 142 3126 190 3177; x_wconf 92' lang='lat' dir='ltr'>III.</span> <span class='ocrx_word' id='word_1_217' title='bbox 217 3128 258 3176; x_wconf 92' lang='lat' dir='ltr'><strong>De</strong></span> <span class='ocrx_word' id='word_1_218' title='bbox 276 3126 398 3176; x_wconf 86' lang='lat' dir='ltr'><strong>methodo</strong></span> <span class='ocrx_word' id='word_1_219' title='bbox 417 3126 561 3191; x_wconf 87' lang='lat' dir='ltr'><strong>disputandi</strong></span> <span class='ocrx_word' id='word_1_220' title='bbox 595 3164 920 3178; x_wconf 91' lang='grc'>.....</span> 
     </span>
     <span class='ocr_line' id='line_1_35' title="bbox 166 3206 921 3256; baseline -0.004 -2"><span class='ocrx_word' id='word_1_221' title='bbox 166 3207 186 3256; x_wconf 92' lang='lat'><strong>1.</strong></span> <span class='ocrx_word' id='word_1_222' title='bbox 213 3206 389 3256; x_wconf 86' lang='lat' dir='ltr'><strong>Praenotanda</strong></span> <span class='ocrx_word' id='word_1_223' title='bbox 434 3243 921 3255; x_wconf 90' lang='lat'>.......</span> 
     </span>
    </p>
   </div>
   <div class='ocr_carea' id='block_1_9' title="bbox 50 3264 921 3365">
    <p class='ocr_par' dir='ltr' id='par_1_13' title="bbox 50 3264 921 3365">
     <span class='ocr_line' id='line_1_36' title="bbox 50 3264 921 3365; baseline -0.009 -30"><span class='ocrx_word' id='word_1_224' title='bbox 50 3264 63 3365; x_wconf 56' lang='lat' dir='ltr'><em>I</em></span> <span class='ocrx_word' id='word_1_225' title='bbox 155 3287 188 3334; x_wconf 93' lang='lat' dir='ltr'><strong>Il.</strong></span> <span class='ocrx_word' id='word_1_226' title='bbox 215 3286 401 3350; x_wconf 88' lang='lat' dir='ltr'><strong>Disputationis</strong></span> <span class='ocrx_word' id='word_1_227' title='bbox 420 3285 587 3333; x_wconf 87' lang='lat' dir='ltr'><strong>scholasticae</strong></span> <span class='ocrx_word' id='word_1_228' title='bbox 606 3286 686 3331; x_wconf 79' lang='lat' dir='ltr'><strong>torma</strong></span> <span class='ocrx_word' id='word_1_229' title='bbox 757 3320 761 3329; x_wconf 92' lang='lat'><em>.</em></span> <span class='ocrx_word' id='word_1_230' title='bbox 836 3320 841 3329; x_wconf 89' lang='lat'><em>.</em></span> <span class='ocrx_word' id='word_1_231' title='bbox 917 3319 921 3327; x_wconf 93' lang='lat'><em>.</em></span> 
     </span>
    </p>
   </div>
   <div class='ocr_carea' id='block_1_10' title="bbox 22 3414 53 3566">
    <p class='ocr_par' dir='ltr' id='par_1_14' title="bbox 22 3414 56 3592">
     <span class='ocr_line' id='line_1_37' title="bbox 22 3414 53 3566; baseline 0.412 9"><span class='ocrx_word' id='word_1_232' title='bbox 22 3414 53 3566; x_wconf 74' lang='lat' dir='ltr'><strong>tl</strong></span> 
     </span>
    </p>
   </div>
   <div class='ocr_carea' id='block_1_11' title="bbox 0 0 1188 3700">
    <p class='ocr_par' dir='ltr' id='par_1_15' title="bbox 0 0 1188 3700">
     <span class='ocr_line' id='line_1_38' title="bbox 0 0 1188 3700; baseline 0 0"><span class='ocrx_word' id='word_1_233' title='bbox 0 0 1188 3700; x_wconf 95' lang='lat' dir='ltr'><strong> </strong></span> 
     </span>
    </p>
   </div>
  </div>
 </body>
</html>
