2350 3700
121 148 173 210 382
315 160 355 195 DE
373 158 472 196 causts
492 158 633 197 SUPREMIS
654 158 751 195 MUNDI
771 158 922 195 CORPOREI.

117 308 290 366 diffimdens
316 326 371 383 per
398 308 525 383 spatium
546 302 738 382 (principium
758 306 939 382 passivitatis
962 316 995 365 et
1018 316 1119 382 poten·

117 392 267 470 tialitatis).
310 399 410 471 Agere
438 396 519 455 enim
547 396 679 471 sequitur
700 413 772 455 esse.
814 396 909 471 Atqui
938 396 1072 473 physica
1092 406 1121 454 et

119 483 237 545 chemia
266 495 409 544 testantur
438 504 567 561 corpora
595 484 698 543 omnia
727 485 901 543 naturaliter
930 484 1120 544 activitatem

118 592 268 645 exercere,
290 594 368 649 quae
389 574 420 633 in
441 576 538 651 spatio
559 576 596 633 sit
616 575 723 634 diffusa
744 584 832 649 atque
854 584 988 633 extensa.
1035 576 1119 649 Ergo
1172 620 1173 623 ,

118 664 307 739 principium,
329 684 348 723 a
362 684 422 740 quo
436 665 601 723 activitates
619 664 687 723 illae
709 665 884 740 procedunt,
905 674 1068 722 extensum
1084 663 1120 721 sit

118 763 246 828 oportet,
267 753 300 810 in
320 752 385 828 ipsa
405 771 458 812 sua
478 754 609 813 entitate.

181 862 207 901 2.
236 843 349 901 Contra
376 840 527 901 atomistas
556 841 747 919 praesertim,
777 842 850 902 item
879 848 984 900 certum
1013 850 1059 900 cst
1086 844 1119 899 in

118 932 244 989 omnibus
273 933 436 1008 corporibus
460 933 663 990 admittendum
691 950 747 989 esse
770 933 943 1009 principium
970 932 1118 1007 quoddam

112 1019 258 1095 formale,
287 1040 348 1097 quo
375 1022 489 1080 scilicet
514 1024 561 1094 fit,
589 1032 622 1080 ut
642 1039 751 1097 corpus
772 1022 809 1080 sit
828 1020 925 1079 taliter
945 1021 993 1101 vel
1016 1021 1118 1080 taliter
1172 1072 1173 1101 ,

120 1109 358 1169 determinatum.
394 1112 465 1170 Hoc
480 1111 561 1169 enim
575 1111 700 1169 omnino
718 1110 877 1186 requiritur
897 1111 937 1170 ad
957 1110 1118 1169 declarari·

119 1199 188 1257 dam
216 1199 364 1259 rationem
390 1200 586 1259 sufficientem
613 1200 762 1259 finalitatis
787 1199 966 1259 intrinsecae
1000 1218 1116 1271 rerum,
1172 1222 1173 1235 ¹

119 1300 148 1346 et
168 1290 268 1364 legum
289 1291 452 1349 constantis
473 1301 633 1365 certaeque
655 1289 848 1361 diversitatis,
870 1291 942 1349 item
963 1291 1116 1348 rationem

119 1377 281 1437 constantis
301 1379 385 1437 modi
405 1380 539 1452 essendi,
569 1397 660 1454 quem
680 1397 810 1454 corpora
831 1380 970 1456 specifice
994 1378 1117 1437 diversa
1172 1418 1173 1435 t

117 1469 290 1526 natinaliter
310 1468 469 1543 acquirunt
488 1479 518 1528 et
539 1479 666 1528 servant.

178 1556 269 1616 Ratio
290 1557 371 1616 enim
391 1557 442 1615 illa
462 1556 626 1617 sufficiens:

179 1644 207 1721 a)
229 1664 292 1706 non
312 1647 461 1705 invenitur
487 1646 519 1704 in
547 1646 654 1706 atomis
682 1666 752 1706 casu
778 1646 966 1723 nescioquo
994 1647 1120 1722 passive

119 1736 206 1794 motis
228 1731 267 1811 lp·
292 1731 379 1813 astla
1172 1804 1173 1811 t

178 1821 210 1902 b)
231 1844 332 1901 neque
359 1826 508 1886 invenitur
534 1826 567 1885 in
595 1824 825 1886 condicionibus
851 1826 959 1900 medii,
992 1826 1024 1885 in
1055 1846 1119 1904 quo

118 1927 272 1976 versantur
300 1935 443 1991 corpora,
474 1928 591 1976 constat
621 1915 717 1990 enim,
748 1917 865 1976 mutatis
894 1935 1118 1993 saepenumero

118 2007 163 2065 his
185 2006 421 2078 condicionibus,
443 2007 475 2064 in
496 2007 606 2068 eodem
627 2025 755 2083 corpore
774 2008 902 2066 eandem
917 2006 1032 2065 servari
1047 2026 1119 2066 con-

119 2096 257 2154 stantiam
286 2096 441 2155 activitatis
471 2114 643 2172 processus,
678 2096 748 2156 item
778 2097 913 2155 videmus
944 2095 975 2153 in
1007 2097 1117 2154 iisdem

119 2185 211 2244 medii
232 2185 354 2243 alicuius
375 2185 603 2244 condicionibus
622 2185 756 2244 diversos
771 2205 835 2245 esse
850 2186 1037 2244 diversorum
1053 2205 1117 2244 cor-

119 2289 227 2350 porum
248 2276 415 2349 specierum
436 2275 543 2333 modos
562 2275 681 2336 essendi
696 2285 726 2334 et
740 2275 895 2334 activitatis
910 2275 1116 2348 evolutiones,

181 2360 208 2439 c)
230 2373 330 2440 neque
351 2364 382 2422 in
403 2364 468 2440 ipsa
489 2383 579 2423 causa
599 2364 696 2440 prima
717 2367 765 2424 vel
780 2367 848 2424 Deo
862 2364 1047 2423 invenienda
1061 2375 1114 2423 est.
1172 2361 1173 2404 ἶ

121 2457 174 2512 Est
194 2454 225 2512 in
246 2454 312 2530 ipso
333 2454 455 2530 quidem
475 2455 552 2512 haec
573 2453 657 2527 ratio,
680 2454 755 2512 sicut
775 2454 851 2513 aliae
873 2473 987 2525 omnes,
1009 2454 1116 2512 ultimo
1172 2449 1173 2532 l

121 2544 263 2619 ponenda
283 2553 315 2601 ut
341 2544 373 2601 in
394 2562 483 2601 causa
504 2543 680 2602 extrinseca.
723 2545 783 2604 Sed
808 2543 942 2602 hicnon
964 2545 1118 2618 quaeritur
1172 2541 1173 2546 '

121 2634 160 2691 de
181 2633 284 2692 ultimo
306 2633 501 2691 fundamento
522 2642 660 2704 externo,
683 2633 745 2709 sed,
758 2634 797 2692 de
818 2632 934 2691 ratione
956 2633 1116 2690 sufficienti

71 2764 74 2770 ,
121 2722 294 2781 immediata
313 2720 398 2780 huius
419 2721 574 2803 finalitatis
589 2731 619 2780 et
640 2721 840 2794 constantiae,
870 2732 900 2780 et
927 2723 1009 2780 hanc
1031 2722 1117 2780 ratio·

122 2833 192 2872 nem
219 2812 415 2870 sufficientem
442 2830 506 2870 non
529 2829 594 2870 esse
616 2812 714 2870 Deum
737 2811 918 2871 sufficienter
939 2822 1060 2870 constat
1082 2829 1117 2870 ex
1172 2855 1173 2860 κ

121 2903 170 2975 iis,
202 2920 280 2977 quae
301 2919 390 2976 supra
411 2895 451 2976 (p.
474 2917 531 2976 357
556 2912 586 2960 et
607 2897 677 2978 358)
700 2910 807 2960 ‘contra
834 2900 1115 2961 occasionalismum

121 2992 256 3051 diximus.
1172 3047 1173 3054 ,

181 3083 234 3137 Est
261 3078 389 3150 proinde
417 3079 492 3136 ratio
520 3079 570 3136 illa
598 3079 630 3136 in
657 3079 721 3156 ipsa
746 3081 955 3141 constitutione
978 3079 1115 3158 corporis
1171 3146 1173 3162 ⁴

122 3165 272 3238 ponenda.

181 3249 243 3304 Hic
263 3260 360 3305 antem
380 3251 549 3323 sufficienter
568 3273 631 3312 non
652 3255 803 3313 invenitur
823 3257 854 3314 in
883 3257 1114 3317 condicionibus

122 3332 373 3390 combinationum
394 3346 562 3397 atomorum
578 3342 625 3398 vel
639 3342 670 3398 in
685 3343 794 3401 atomis
809 3344 989 3420 specialibus
1003 3345 1112 3404 viribus
