2350 3700
136 118 185 167 124
513 89 743 153 curtemonosm.

190 266 240 323 De
254 265 375 323 Bonald
391 282 462 323 vero
485 258 532 338 (17
538 258 708 339 54—1840)
729 262 859 321 eandem
873 262 939 319 fere
953 258 1125 319 doctrinam

130 355 190 413 iam
216 363 304 413 antea
329 352 450 431 speciali
479 352 612 427 quodam
639 361 815 428 argumento
846 369 882 407 cx
909 352 1055 410 locutione
1082 348 1127 407 de

130 454 248 519 sumpto
269 444 387 502 firmare
408 452 532 501 conatus
554 450 625 500 erat.
661 443 710 499 En
728 440 791 499 eius
811 440 1057 515 argumentatio:
1080 439 1128 495 Ad

131 532 323 609 cogitandum
350 533 443 591 homo
471 533 626 590 necessario
652 531 760 603 indiget
785 531 921 589 lactatione
933 531 952 588 ¹.
995 526 1127 587 Locutio

130 633 229 681 autem
251 622 315 680 sine
337 621 518 697 cogitatione
533 619 696 696 excogitari
716 639 778 679 non
792 630 892 695 potest
912 637 972 678 nec
994 617 1128 694 proinde

131 712 169 769 ab
191 710 361 769 hominibus
381 710 477 788 potuit
504 709 640 768 inveniri.
683 710 912 784 Consequenter
938 728 958 765 a
985 716 1128 766 creatore
1150 747 1152 752 -

131 819 184 859 suo
209 800 301 858 homo
325 818 386 857 una
414 818 482 857 cum
508 806 614 857 natura
634 798 818 857 locutionem
844 797 972 875 accepit.
1018 796 1085 855 Sed
1105 792 1152 852 si*

130 889 312 947 locutionem
331 888 456 964 accepit,
479 898 509 947 et
528 887 611 963 ipsae
633 888 839 964 cogitationes,
862 905 990 963 quarum
1010 884 1128 943 locutio

130 996 194 1035 non
221 988 266 1037 est
293 977 348 1036 nisi
377 977 523 1037 sensibilis
551 976 719 1055 expressio,
748 997 766 1035 a
789 978 857 1035 Deo
885 996 954 1035 cum
981 993 1127 1034 sermone

131 1066 242 1125 inditae
257 1076 332 1125 sunt.
364 1068 446 1125 Deus
460 1085 532 1143 ergo
547 1066 612 1141 ipse
626 1066 729 1125 docuit
742 1065 855 1141 primos
868 1066 1016 1135 homines,
1038 1064 1127 1122 simul

131 1174 200 1213 cum
222 1173 370 1225 sermone,
392 1156 531 1214 veritates
549 1154 713 1233 primarias,
735 1174 813 1231 quae
834 1154 945 1214 deinde
965 1171 1023 1229 per
1044 1154 1126 1210 locu·

131 1243 244 1303 tionem
259 1246 298 1304 ad
317 1264 423 1305 omnes
437 1256 573 1322 posteros
587 1245 673 1303 simui
688 1263 756 1303 cum
770 1262 910 1303 sermone
930 1242 1123 1301 transierunt.

194 1354 219 1392 2.
241 1335 452 1393 Moderatiorcs
468 1344 567 1393 autem
586 1332 831 1393 traditionalistae
851 1334 1030 1401 (Bautainz
1045 1332 1121 1389 Bon·

131 1424 243 1497 mtty⁸,
271 1425 409 1492 Ventura)
440 1424 618 1483 sententiam
639 1423 803 1499 rigidorum
830 1434 953 1482 eatenus
973 1421 1121 1497 mitigant,

131 1626 157 1674 in
169 1626 243 1686 libro,
258 1628 298 1676 cui
312 1628 411 1676 titulus:
429 1627 516 1676 «Essei
529 1644 571 1677 sur
583 1626 766 1677 l'indifl'erence
779 1642 811 1674 en
823 1627 927 1675 matiere
941 1627 972 1675 de
985 1625 1119 1690 religion»,

132 1715 148 1755 t.
169 1707 208 1767 ΙΙ,
229 1722 250 1755 c.
274 1720 320 1770 13:
350 1709 431 1757 «Rieu
450 1724 481 1756 ne
500 1724 563 1756 nous
582 1716 620 1757 est
638 1707 797 1771 aujourd'hui
814 1708 836 1755 si
855 1707 958 1755 evident
983 1722 1034 1771 que
1057 1721 1118 1753 nous

131 1786 258 1852 puissions
278 1804 342 1837 nous
360 1796 498 1853 promettre
517 1788 549 1836 de
568 1804 601 1836 ne
619 1788 643 1836 le
661 1804 707 1853 pas
726 1796 827 1835 trouver
848 1787 949 1835 demaiu
972 1802 1006 1835 ou
1029 1786 1119 1834 obscur

132 1884 166 1916 ou
183 1869 296 1918 ertone.»
314 1896 347 1902 —-
364 1869 443 1918 «C'en
462 1877 500 1918 est
518 1885 595 1929 assez,
615 1885 712 1918 comme
730 1885 764 1917 on
782 1869 816 1916 l'a
832 1885 873 1928 vu,
891 1884 957 1932 pour
970 1884 1002 1916 ne
1014 1866 1119 1932 pouvoir

132 1949 347 2012 rigoureusement
366 1948 475 1998 affirmet
493 1949 552 2013 quoi
571 1964 621 2013 que
640 1964 669 1997 ce
688 1949 748 2007 soit,
773 1965 818 2012 pas
836 1947 918 1997 meme
937 1955 1010 1996 notre
1029 1961 1117 2012 propre
1150 1996 1151 1999 ,

132 2028 282 2077 existence.»
306 2056 339 2062 -—
362 2030 414 2078 «Le
432 2029 542 2094 premier
559 2030 667 2078 actede
686 2029 711 2076 la
735 2029 818 2078 raison
843 2037 883 2077 est
909 2028 1118 2076 necessairemeut

134 2125 167 2156 un
185 2117 240 2158 acte
260 2110 292 2158 de
310 2109 358 2169 foi,
379 2118 405 2157 et
422 2126 504 2159 aucun
524 2109 576 2159 etre
596 2109 669 2169 eree,
691 2109 731 2158 s'il
750 2125 782 2158 ne
801 2109 969 2169 commencait
988 2125 1037 2173 par
1054 2109 1116 2156 dire:

125 2190 155 2252 je
173 2192 249 2248 croti,
275 2206 308 2238 ne
326 2191 439 2254 pourrait
454 2191 544 2255 jamais
563 2191 633 2238 dire:
654 2191 684 2252 je
701 2192 775 2238 suis.»
798 2216 832 2222 -
854 2189 1064 2254 ‹L'intelligence
1082 2187 1119 2234 n’a

132 2270 205 2334 point
224 2270 333 2318 d'autres
352 2271 524 2330 fondements,
544 2271 569 2318 la
587 2270 711 2320 certitude
730 2270 772 2318 n'a
789 2270 868 2334 point,
889 2285 921 2318 ne
940 2270 1037 2317 saurait
1054 2267 1119 2316 avoir

134 2350 244 2399 d‘autres
262 2351 336 2398 bases
355 2367 404 2414 que
423 2351 447 2398 le
465 2352 547 2415 grand
566 2351 726 2416 temoignage
745 2350 953 2414 originairement
970 2351 1055 2398 rendu
1077 2363 1118 2412 par

133 2431 201 2479 Dieu
219 2429 307 2489 meme,
326 2431 411 2478 raison
424 2431 581 2490 universelle,
602 2431 746 2490 immuable,
767 2429 876 2478 infinie.»
908 2429 947 2478 cf.
961 2430 1054 2478 etiam:
1073 2427 1117 2476 De-

133 2511 204 2559 iense
224 2511 256 2558 de
274 2510 364 2559 l'Essai
383 2527 425 2559 sur
443 2511 634 2571 l'indifference,
654 2527 754 2560 oeuvres
773 2510 913 2574 completes
932 2517 949 2558 t.
969 2510 990 2571 Ι,
1011 2525 1035 2559 c.
1055 2510 1078 2559 8.
1150 2560 1151 2565 ,

196 2589 205 2620 ¹
227 2590 373 2640 «L'homme
393 2608 408 2638 a
425 2591 516 2640 besoin
535 2591 567 2641 de
587 2592 672 2656 signes
690 2607 723 2639 ou
742 2599 815 2650 mots,
834 2606 900 2654 pour
917 2605 1014 2654 penser
1025 2603 1117 2639 comme

133 2687 199 2736 pour
218 2671 315 2735 parler;
342 2668 507 2732 c'est-t-dire,
530 2672 645 2721 l'ltomme
656 2680 733 2736 pense
749 2687 778 2719 sa
790 2671 880 2734 parole
896 2678 978 2719 avant
995 2672 1024 2720 de
1036 2671 1119 2734 parler
1150 2712 1151 2717 ,

133 2769 162 2800 sa
174 2748 268 2815 pense'e,
288 2760 313 2800 et
332 2751 394 2800 c'est
412 2767 442 2800 ce
461 2751 503 2816 qui
522 2752 568 2800 fait
586 2752 648 2816 qu'il
666 2751 787 2800 s'e'nonce
805 2765 867 2798 avec
884 2751 969 2817 peine,
988 2758 1074 2800 toutes
1085 2749 1117 2797 les

133 2831 182 2881 fois
200 2831 261 2896 qu’il
279 2840 339 2881 veut
356 2832 448 2881 rendre
467 2832 531 2880 dans
549 2849 599 2882 une
624 2833 718 2897 langue
743 2832 876 2896 etrangere
901 2846 931 2879 ce
956 2830 1019 2895 qu’il
1045 2845 1117 2896 pense

135 2913 198 2961 dans
217 2929 245 2960 sa
262 2912 355 2977 langue
374 2913 521 2962 maternelle
535 2952 540 2962 .
555 2951 561 2961 .
577 2932 598 2962 ,ι
621 2910 675 2976 (De
693 2913 799 2973 Bonala',
818 2910 977 2976 Legislation
995 2911 1116 2976 primitive

136 2989 461 3058 thapssAQ

197 3071 352 3132 ’Bautaim
372 3081 445 3121 natus
468 3082 542 3136 1795,
566 3073 633 3135 1819
651 3073 783 3138 professor
800 3071 980 3136 philosophiae
997 3072 1116 3137 Argento

136 3153 190 3212 rati,
214 3152 279 3210 1867
300 3160 412 3200 mortuus
431 3161 476 3200 est.
512 3153 634 3218 Scripsit:
657 3151 839 3216 «Philosophie
858 3152 893 3200 du
911 3151 1116 3201 christianismo.

198 3228 208 3259 ³
226 3230 348 3292 Bonmtty
360 3227 563 3294 (1798-1879)
574 3232 714 3280 doctrinam
727 3248 797 3280 suam
809 3231 928 3295 exposuit
939 3231 965 3278 in
977 3231 1116 3296 periodico:

141 3307 270 3355 «Annales
289 3307 320 3354 de
339 3306 503 3370 Philosophie
522 3310 693 3360 ehretienne».
