2350 3700
4 329 9 367 r

5 389 6 452 i

306 145 449 181 DIVERSAE
469 146 651 183 SENTENTIAE
670 148 872 185 EXPONUNTUR.
1031 147 1080 201 375

370 205 393 227 κ

92 290 238 350 bilitatem
260 292 384 352 transire
406 303 544 368 possunt,
573 314 630 354 nou
651 302 744 353 outcm
764 297 862 355 tolztcr
887 303 955 357 runt
979 298 1010 355 in
1033 307 1083 374 po

92 382 193 449 tentia,
214 388 249 438 ut
260 384 374 457 possint
393 393 453 441 fieri
469 393 545 442 aliud
563 394 593 443 in
611 395 709 443 ordine
728 396 879 446 actualium
890 392 906 445 ¹.

153 471 240 528 quta
260 472 453 530 scholasticos
474 472 601 548 proinde
624 491 714 533 omne
736 493 844 552 corpus
872 484 916 534 est
943 482 1006 533 actu
1035 477 1083 535 vel

87 558 263 632 formaliter
288 562 347 619 tale
375 579 484 636 corpus
511 562 755 635 determinatum,
779 566 909 639 potentio
939 582 1009 623 vero
1036 566 1084 625 vel

92 649 267 717 virtualiter,
289 649 369 707 aliud
390 667 507 726 corpus.
551 650 600 709 Sic
621 670 700 727 aqua
720 663 788 711 actu
807 663 838 712 et
858 654 1019 713 formaliter
1040 664 1084 713 est

92 756 180 812 aqua,
203 739 338 814 potentia
358 748 459 799 tamen
479 740 528 799 vel
548 739 710 800 virtualiter
730 741 948 817 hydrogenium
970 753 999 801 et
1015 761 1083 817 oxy·

90 825 231 902 genium3
260 837 290 886 et
318 828 463 888 vicissim:
497 829 678 905 oxygonium
708 840 738 889 et
767 831 986 907 hydrogenium
1015 841 1083 890 sunt
1173 902 1174 907 η

5 907 6 918 ’
91 916 258 975 formaliter
278 917 458 993 oxygenium
479 929 509 977 et
533 917 766 995 hydrogenium‚
794 912 956 979 virtualiter
984 931 1082 979 autern

5 1009 6 1086 ζ
92 1024 182 1081 aqua.

154 1106 193 1162 11.
222 1104 274 1162 Dc
294 1114 440 1181 corporum
460 1106 666 1179 efformatione.
689 1137 727 1145 -—
750 1106 836 1179 Quae
857 1124 925 1165 cum
951 1106 992 1169 ita
1012 1106 1080 1180 sint,
1173 1140 1174 1161 2

5 1201 6 1258 Ϊ
91 1192 262 1252 scholastici
277 1193 389 1253 docent
402 1195 456 1253 sub
470 1194 581 1253 influxu
596 1195 747 1269 agentium
765 1195 949 1269 naturalium,
970 1196 1003 1253 in
1023 1197 1083 1255 hoc

4 2254 12 2300 'c

5 2370 7 2395 t

5 2402 8 2433 l

5 2504 6 2537 l

90 1282 207 1341 mundo
229 1302 386 1357 corporeo,
408 1301 502 1343 novas
523 1283 666 1342 continuo
687 1285 798 1343 formas
820 1302 856 1343 ex
873 1285 1008 1363 potentia
1023 1306 1082 1344 ma·
1173 1286 1174 1309 ³

90 1370 186 1429 teriae
208 1372 311 1441 educi,
341 1375 389 1431 vel
409 1391 503 1431 novas
519 1376 659 1446 generari
677 1374 853 1435 substantias
880 1392 917 1433 ex
944 1377 1083 1451 corruptis

90 1460 158 1519 aliis
186 1460 377 1536 corporibus:
409 1464 569 1535 «generatio
596 1464 680 1521 unius
706 1470 747 1523 cst
773 1465 915 1538 corruptio
936 1465 1081 1521 alterius».

91 1550 329 1609 Generationem
350 1570 423 1610 vero
444 1551 526 1609 illam
544 1561 575 1611 et
596 1552 819 1627 corruptionem
847 1553 890 1611 sic
916 1552 1080 1629 explicant:

157 1648 310 1707 Gcmrotzo
336 1657 379 1707 est
397 1650 547 1725 productio
572 1651 692 1711 mucius
718 1652 889 1709 substantiae
917 1660 974 1727 prr
1007 1650 1081 1708 educ-

90 1742 196 1797 tionem
216 1758 305 1797 nouae
325 1739 445 1813 formae
471 1757 508 1797 cx
528 1742 659 1817 potentio
685 1741 821 1798 materiae
832 1741 849 1798 ⁹.
893 1741 1029 1815 Aquae.
1051 1758 1079 1815 g.
1173 1782 1174 1805 2

91 1848 162 1890 cnm
183 1838 359 1904 generatur,
386 1828 521 1892 educitur
542 1828 664 1905 quidem
686 1846 723 1888 ex
743 1829 836 1888 nihilo
864 1830 923 1899 cui,
951 1828 970 1886 i.
992 1847 1018 1888 e.
1045 1846 1082 1888 ex

90 1920 188 1980 nihilo
209 1936 279 1976 suae
293 1920 408 1980 forme
422 1913 551 1994 (aquae),
573 1937 651 1994 quae
666 1928 753 1978 antea
767 1938 830 1978 non
845 1929 908 1978 erat
921 1929 1005 1992 actu3
1027 1917 1081 1977 sed

91 2027 156 2067 non
178 2026 216 2066 ex
235 2007 329 2070 nihilo
350 2009 477 2077 subiecti,
498 2007 516 2066 i.
539 2027 565 2066 e.
587 2027 651 2066 non
672 2027 708 2066 ex
729 2009 822 2066 nihilo
843 2007 1081 2084 praeexsistentis

91 2097 246 2169 materiae,
268 2097 404 2156 educitur
422 2097 502 2156 enim
523 2115 560 2155 ex
577 2097 703 2156 materia
716 2097 819 2156 induta
833 2098 930 2155 forma
943 2097 1081 2174 oxygenii
1173 2139 1174 2142 ,

89 2199 122 2249 et
154 2187 345 2263 hydrogenii.
393 2187 462 2259 Qua
495 2186 618 2261 quidem
653 2186 768 2246 ratione
798 2186 952 2262 generatio
982 2185 1081 2244 distin·

91 2277 192 2354 guitur
212 2295 230 2334 a
250 2277 404 2344 crcotconc,
436 2293 513 2350 quae
535 2285 594 2334 est:
625 2276 730 2334 eductio
751 2277 835 2333 totius
854 2276 1026 2333 substantiae
1046 2293 1081 2332 cx

90 2367 183 2425 nihilo
203 2368 250 2424 sui
269 2383 297 2423 et
315 2374 445 2423 subiecti.

158 2466 312 2540 Corrupto
338 2481 412 2523 vero
440 2473 499 2522 est:
524 2465 663 2521 transitus
688 2465 806 2521 alicuius
827 2463 950 2539 corporis
970 2481 1006 2520 cx
1026 2481 1082 2520 csse

91 2556 136 2613 od
152 2556 273 2613 nihilum
296 2555 356 2622 sui,
387 2553 439 2611 scd
461 2572 517 2610 non
546 2553 679 2612 subiecti.
723 2553 786 2626 Sic,
816 2571 832 2611 e
861 2569 1022 2623 converm,
1051 2563 1082 2610 ut

92 2645 233 2719 exemplo
260 2653 378 2701 utamur
407 2660 467 2717 quo
494 2660 598 2718 supra,
639 2661 706 2700 cum
741 2661 778 2701 ex
807 2660 885 2717 aqua
914 2643 947 2700 fit
975 2641 1082 2718 hydro-

91 2734 216 2810 genium
237 2742 267 2790 et
287 2731 482 2808 oxygonium,
504 2749 583 2807 aqua
603 2731 706 2789 transit
727 2731 765 2788 ad
786 2731 909 2789 nihilum
930 2731 991 2804 sui,
1013 2731 1031 2790 i.
1054 2750 1080 2790 e.

92 2824 132 2882 ad
153 2822 280 2880 nihilum
301 2822 416 2880 formae
438 2839 548 2895 aquae,
577 2825 641 2879 no'n
668 2831 766 2879 autem
788 2822 826 2880 ad
847 2821 970 2879 nihilum
992 2819 1035 2880 sui
1056 2828 1084 2878 ct

156 3022 166 3054 ¹
185 3023 255 3085 Quid
274 3022 307 3072 sit
324 3022 440 3087 potentia
458 3021 590 3081 obiectiva,
611 3021 725 3086 potentia
744 3023 882 3071 subiectiva
901 3037 980 3086 eaque
997 3036 1080 3086 recep·
1173 3019 1174 3026 ’

93 3104 151 3165 tiva,
172 3103 257 3153 recole
276 3119 307 3152 ex
325 3103 362 3163 iis,
383 3119 447 3168 quae
466 3119 542 3166 supra
561 3099 600 3166 (p.
621 3115 668 3150 221
691 3110 717 3150 et
736 3100 799 3165 222)
821 3101 948 3151 declarata
966 3109 1031 3150 sunt.

107 3220 110 3224 »
153 3182 258 3232 ²Haec
275 3193 315 3233 est
339 3182 509 3247 generationis
534 3185 561 3231 in
585 3199 658 3231 sensu
683 3183 733 3232 loto
756 3182 883 3240 definitio;
910 3183 989 3230 slrr'ctc
1014 3181 1081 3230 enim

92 3263 212 3330 generari
231 3265 324 3314 dicitur
342 3264 374 3312 de
392 3264 546 3325 viventibus‚·
568 3263 614 3312 sed
633 3263 664 3312 de
683 3261 731 3310 hac
750 3261 914 3328 generatione
933 3276 1016 3308 sermo
1035 3261 1085 3309 erit¹
1173 3327 1174 3330 Ἴ

93 3347 120 3396 iu
139 3344 344 3412 anthropologia.
