2350 3700
141 164 193 224 306
519 175 558 212 nu
576 174 755 211 carncoxrrs.

199 323 238 380 11.
270 322 432 379 Indirccta:
462 340 499 379 ex
526 322 653 379 salsitate
675 320 864 380 fundamenti
891 320 1079 379 sensistarum
1098 327 1124 377 et

138 409 375 486 positivistarum.
428 410 502 468 Ideo
533 410 614 468 enim
648 420 758 485 negata
787 419 832 468 est
862 410 948 468 notio
980 427 1083 468 causae
1109 428 1125 465 a

138 498 263 571 Locki0,
285 498 408 570 Humio,
430 498 609 574 positivistis,
631 499 701 574 quia
714 498 772 575 ipsi
786 498 914 557 reiciunt
928 498 1127 573 cognitionem

138 582 358 648 intellectivam.
406 590 527 647 Revera
554 588 635 647 enim
660 588 748 647 notio
778 606 886 646 causae
913 606 980 646 non
1007 606 1043 647 ex
1070 588 1129 645 sola

138 677 311 752 cognitione
339 676 441 736 sensili
473 677 612 748 habetur,
643 677 697 735 sed
724 676 857 735 noscitur
883 695 920 735 ex
948 675 1132 753 experientia

139 765 299 824 coniuncta
326 784 394 823 cum
424 765 636 842 intellegentia.
679 766 749 823 Vim
778 776 878 825 autem
905 765 1077 825 intellectus
1104 775 1133 822 et

138 854 303 913 realitatem
330 853 510 913 obiectivam
537 854 600 913 eius
628 852 830 931 perceptionis
857 855 935 913 falso
963 874 983 912 a
1003 854 1132 913 sensistis

139 954 169 1001 et
188 944 357 1019 positivistis
377 944 489 1019 negari,
511 943 543 1002 in
565 943 765 1019 criteriologia
786 944 972 1003 declaratum
993 954 1039 1003 est
1048 944 1065 1000 ¹.

429 1140 454 1187 4.
480 1128 521 1176 De
533 1129 658 1191 principio
676 1128 836 1179 causalitatik.

200 1260 318 1308 Sensus.
355 1249 538 1325 Principium
551 1249 730 1309 causalitatis
740 1250 829 1325 vulgo
845 1249 1029 1308 enuntiatur:
1044 1248 1135 1306 llfilzil

131 1340 175 1415 fit
192 1341 252 1396 sinc
272 1358 364 1396 causa.
401 1338 577 1397 Accuratius
598 1356 671 1397 vero
692 1338 881 1415 exprimitur:
903 1338 996 1395 Nihil
1012 1338 1047 1395 dc
1067 1357 1131 1407 mn·
1160 1394 1161 1417 ἶ

140 1428 296 1485 exserendo
316 1428 359 1484 ad
375 1428 562 1485 exsistentium
582 1430 702 1497 transit,
723 1430 792 1503 quin
813 1430 851 1485 sit
870 1428 985 1502 aliquali
1001 1427 1091 1496 alaerit,
1114 1446 1133 1483 a

139 1536 194 1591 quo
214 1518 404 1573 exsistentiam
425 1517 550 1593 accspiat.

201 1605 399 1682 Distinguitur
418 1605 477 1663 hoc
498 1605 679 1682 principium
700 1626 718 1663 a
732 1608 876 1681 principio
890 1607 1014 1663 rationi:
1026 1606 1134 1681 suffici·

140 1697 227 1763 entz's,
263 1695 346 1769 quod
375 1694 461 1753 latius
491 1705 573 1769 patet
607 1712 698 1770 quam
728 1694 909 1771 principium
944 1694 1133 1753 causalitatis.

140 1782 338 1859 Amplectitur
364 1782 445 1841 enim
466 1782 646 1860 principium
667 1783 789 1841 rationis
816 1783 988 1842 sufficientis
1010 1801 1135 1842 omnem

141 1871 287 1944 ordinem,
310 1882 339 1930 et
359 1872 546 1949 possibilium
566 1883 597 1932 et
618 1874 737 1932 realiter
757 1873 958 1932 exsistentium
967 1874 985 1932 ¹.
1022 1873 1134 1932 Princi-

141 1962 223 2038 pium
250 1978 322 2020 vero
349 1961 527 2021 causalitatis
547 1961 694 2020 rationem
720 1971 835 2021 tantum
863 1962 996 2021 declarat
1017 1980 1132 2032 eorum,

141 2068 219 2125 quae
240 2051 430 2109 exsistentiam
450 2050 599 2128 recipiunt
620 2046 887 2127 (contingentium).

201 2138 397 2215 Distinguitur
418 2158 540 2215 quoque
562 2142 736 2217 aprina'pio
757 2147 863 2209 azotus,
893 2141 1016 2216 dequo
1045 2159 1133 2218 supra

143 2222 182 2303 (p.
200 2247 257 2303 229
272 2222 329 2303 sq.)
348 2228 483 2301 diximus,
506 2229 581 2288 sicut
595 2229 710 2306 species
725 2248 743 2286 a
757 2247 877 2305 genere,
900 2239 931 2287 ut
946 2230 1133 2306 comparanti

144 2316 220 2374 haec
241 2316 301 2374 duo
323 2318 402 2376 clare
424 2318 532 2393 cuique
553 2328 687 2394 apparet.

203 2440 274 2489 Eius
293 2441 405 2491 veritas.
448 2433 594 2492 Probatur
624 2433 683 2491 hoc
713 2431 894 2508 principium
924 2432 1036 2491 eodem
1071 2435 1133 2492 sere

142 2521 234 2580 modo
256 2540 292 2579 ac
312 2521 491 2598 principium
512 2532 618 2580 motus.

207 2639 231 2676 1.
253 2619 444 2695 Expericntia
471 2619 552 2677 enim
579 2620 639 2677 iam
659 2620 761 2678 directe
788 2618 850 2679 eius
871 2619 979 2678 veritas
1000 2631 1136 2696 apparet.

144 2707 174 2766 Si
189 2707 311 2783 quidem
324 2707 533 2767 observatione
547 2708 707 2768 universali
721 2719 908 2785 compertum
917 2708 1074 2780 habemus,
1091 2727 1136 2778 ea,

145 2815 220 2871 quae
242 2797 280 2855 de
301 2814 381 2855 novo
402 2800 482 2869 fiunt,
504 2815 624 2873 semper
642 2799 681 2856 ab
703 2797 761 2856 alio
776 2797 958 2874 dependere,
981 2815 999 2854 a
1021 2816 1086 2872 quo
1108 2798 1136 2854 in

144 2903 209 2944 esse
230 2885 448 2962 producantur,
475 2885 516 2943 ita
537 2896 568 2944 ut
587 2885 666 2944 inter
687 2905 875 2962 consequens
899 2896 929 2944 et
950 2886 1136 2946 antecedens

144 2974 181 3032 sit
202 2974 329 3034 conexio
350 2974 509 3033 intrinseca
531 2970 571 3050 (p.
595 2993 654 3048 304
676 2986 705 3034 et
726 2970 804 3051 305).

209 3181 216 3210 ¹
234 3183 333 3244 Logica
350 3199 375 3246 p.
399 3195 446 3242 119
466 3199 503 3246 sq.

207 3255 217 3284 ²
235 3257 332 3305 Recole
350 3274 387 3317 ea,
407 3276 471 3323 quae
490 3261 522 3308 de
540 3276 617 3308 sensu
634 3261 753 3324 principii
772 3261 877 3310 rationis
897 3263 1051 3315 sufficientis
1064 3282 1134 3330 supra

147 3329 186 3391 (p.
207 3331 271 3392 217)
292 3335 479 3386 declaravimus¹
