2350 3700
964 8 1165 89 ὛΊ

388 158 426 195 DE
445 156 622 194 Acrtvrrn‘rtr
640 156 806 193 CORPORUM.

510 330 624 391 LIBER
646 342 682 393 11.

270 460 332 524 DE
355 429 640 524 Acrrvrrnra
663 458 927 525 consonum.

519 621 630 680 Carus
650 638 670 679 1.

145 747 202 803 DE
222 744 494 804 EXSISTENTIA
515 744 778 804 ACTIVITATIS
800 744 1053 803 CORPORUM.

165 888 277 938 Thonis.
310 878 441 954 Corpora
454 877 608 951 fruuntur
625 896 696 937 vera
716 879 858 937 activitatr
871 877 1002 953 physica.

166 1003 262 1052 status
280 1002 465 1064 quaestionis.
499 993 637 1068 Corpora
656 993 707 1050 hic
728 991 936 1050 contendimus
956 1008 1030 1050 vere
1045 1009 1107 1067 per

105 1101 137 1141 se
158 1083 223 1157 ipsa
243 1082 375 1157 aliquem
395 1082 535 1141 effectum
556 1082 735 1158 producere,
756 1081 788 1139 id
810 1081 893 1156 quod
913 1080 1106 1156 significatur

105 1188 180 1230 voce
201 1169 357 1229 activitatis
377 1172 528 1247 physicae.

164 1261 271 1319 Thesis
291 1261 351 1319 hoc
371 1278 459 1319 sensu
478 1260 629 1320 intellecta
649 1277 712 1318 non
734 1268 778 1318 est
790 1259 848 1319 nisi
861 1278 932 1335 pars
946 1258 1104 1334 quaedam

105 1349 194 1409 thesis
215 1349 418 1424 generalioris,
441 1368 518 1424 quae
539 1350 578 1408 de
600 1348 770 1408 exsistentia
790 1367 945 1408 causarum
968 1348 1106 1407 efficien-

105 1438 177 1496 tium
199 1440 231 1496 in
251 1438 405 1515 ontologia
425 1439 554 1497 stabilita
575 1450 620 1498 est
633 1441 650 1499 ¹.

165 1527 362 1587 Adversarios
388 1528 532 1604 proinde,
560 1536 593 1586 ut
620 1527 799 1604 positivistas
826 1528 1014 1600 omittamus,
1050 1526 1106 1584 hic

104 1617 267 1675 habemus:
301 1638 326 1675 1.
347 1617 562 1675 Materialistos
581 1618 656 1688 illos,
680 1618 731 1692 qui
755 1617 1011 1676 «mechanismum
1032 1617 1108 1675 bru-

105 1715 184 1763 tum»
208 1708 381 1781 profitentes
401 1706 474 1765 nihil
493 1708 525 1764 in
539 1707 654 1765 mundo
668 1724 734 1765 esse
748 1707 897 1765 affirmant
909 1706 968 1764 nisi
981 1716 1106 1765 motum

106 1795 234 1854 localem
254 1796 293 1854 ab
313 1813 374 1855 uno
395 1814 524 1872 corpore
545 1797 576 1856 in
598 1795 678 1855 aliud
698 1814 807 1872 corpus
820 1795 1036 1869 transmissum,
1061 1797 1108 1855 ita
1164 1792 1165 1826 l

105 1896 137 1942 ut
157 1886 270 1944 nullum
291 1896 410 1961 praeter
429 1887 614 1945 materialem
635 1887 837 1946 causalitatem
857 1886 963 1944 adesse
984 1886 1105 1944 dicant.
1163 1913 1164 1920 ¹

106 1977 160 2032 Est
181 1975 311 2049 quidem,
333 1976 412 2034 iuxta
433 1977 528 2052 ipsos,
550 1976 581 2033 in
603 1977 780 2052 corporibus
801 1976 840 2046 id,
862 1994 898 2032 cx
913 1994 968 2050 quo
982 1976 1107 2050 aliquid

106 2065 145 2133 fit,
167 2065 280 2122 nullum
300 2072 400 2123 autem
421 2075 465 2124 est
485 2084 603 2141 corpus,
624 2085 644 2122 a
664 2083 719 2139 quo
740 2064 853 2140 aliquid
873 2066 930 2122 fiat.
961 2085 988 2121 2.
1014 2064 1106 2122 Occa-

105 2154 283 2223 sionalistas,
312 2171 439 2228 quorum
465 2155 606 2230 princeps
633 2165 678 2213 est
698 2153 922 2212 Malebranche.
965 2153 1028 2210 Hic
1049 2171 1105 2211 res
1161 2191 1162 2226 3

107 2253 221 2300 creatas
241 2243 401 2301 effectuum
427 2244 605 2302 naturalium
631 2261 708 2306 nou¹
722 2261 841 2315 causas,
870 2242 923 2300 sed
944 2243 1104 2300 occanoner

106 2340 219 2390 tantum
241 2349 305 2390 esse
326 2332 443 2392 docuit:
466 2351 586 2391 causam
599 2351 672 2392 vero
687 2332 820 2408 ipsorum
834 2349 898 2392 esse
913 2333 1021 2403 Deum,
1044 2330 1102 2405 qui
1160 2367 1161 2424 ἦ

105 2420 169 2496 ipse
191 2422 269 2480 solus
290 2423 392 2480 omnia
411 2433 521 2498 ageret,
544 2423 648 2498 positis
668 2423 713 2481 his
736 2421 966 2481 condicionibus
975 2421 995 2478 ⁹.

169 2614 178 2645 ¹
197 2617 235 2666 Cf.
256 2616 395 2681 Ontologie
413 2633 439 2681 p.
460 2628 520 2679 303.

167 2693 178 2726 ²
199 2698 270 2747 «Une
289 2713 364 2746 cause
382 2696 504 2747 naturelle
523 2695 588 2746 n¹est
606 2698 681 2762 point
703 2714 753 2748 une
778 2712 854 2747 cause
879 2696 957 2748 reelle
982 2703 1007 2744 et
1032 2695 1100 2744 ve'ri·

106 2776 188 2837 table,
215 2778 277 2825 mais
302 2777 442 2826 seulement
465 2794 516 2828 une
542 2794 617 2826 cause
643 2777 829 2828 occasionnelle
851 2785 876 2827 et
894 2777 938 2841 qui
956 2776 1100 2825 determine

106 2855 212 2904 l’auteur
230 2858 262 2907 de
281 2857 306 2905 la
328 2865 415 2905 nature
441 2854 457 2906 ὲ
481 2858 537 2923 agir
562 2859 594 2907 de
620 2859 678 2908 telle
704 2865 730 2907 et
756 2857 814 2907 telle
840 2857 951 2906 maniere
977 2873 1008 2904 en
1035 2855 1099 2906 telle

107 2944 132 2984 et
150 2936 209 2985 telle
228 2945 385 2986 rencontre.»
407 2965 440 2971 —
463 2939 504 3002 «Je
524 2939 563 2988 dis
582 2939 614 2987 de
633 2938 690 3003 plus
709 2936 772 3004 qu'il
791 2936 855 2986 n'est
873 2953 919 3002 pas
942 2936 1099 2986 concevable

107 3031 155 3078 que
174 3016 241 3065 Dieu
259 3018 344 3082 puisse
363 3020 552 3082 communiquer
570 3035 619 3067 aux
637 3019 751 3068 hommes
771 3027 797 3067 et
815 3035 863 3067 aux
882 3033 960 3082 anges
979 3017 1003 3064 la
1030 3017 1097 3082 puis-

107 3109 182 3139 sance
200 3095 262 3155 qu’il
280 3112 295 3140 a
313 3096 346 3141 de
363 3111 463 3144 remuer
481 3099 517 3145 les
536 3113 616 3161 corps,
637 3107 663 3146 et
681 3114 729 3162 que
748 3114 811 3147 ceux
827 3098 869 3162 qui
881 3098 1034 3162 pretendent
1047 3114 1096 3162 que

106 3168 130 3214 le
149 3171 257 3228 pouvoir
274 3187 323 3233 que
341 3189 405 3220 nous
423 3191 502 3223 avons
521 3177 553 3223 de
571 3193 670 3224 remuer
689 3193 736 3225 nos
756 3178 815 3226 bras
833 3184 873 3226 est
898 3193 949 3226 une
974 3176 1095 3226 ventable

106 3243 247 3303 puissance,
268 3248 371 3295 d'oivent
389 3266 482 3301 avouer
500 3270 549 3316 que
567 3255 636 3303 Dieu
654 3264 716 3320 peut
735 3257 802 3305 aussi
821 3257 920 3305 donner
938 3273 988 3305 aux
1007 3257 1094 3321 esprits

106 3316 130 3359 la
148 3318 280 3375 puissance
299 3325 331 3370 de
350 3326 425 3385 cre'er,
446 3329 595 3392 d’aneantir,
619 3335 651 3382 de
670 3335 731 3383 faire
750 3344 833 3384 toutes
853 3336 890 3384 les
910 3337 1003 3386 choses
1021 3336 1093 3400 possi-
