2350 3700
9 5 89 86 Γ,
123 4 139 6 ,,

9 181 15 236 l

184 168 225 203 DE
244 168 402 205 CORPORUM
422 170 601 207 PRAESENTIA
621 172 651 207 IN
671 171 772 208 srn‘rlo
792 170 846 209 VEL
866 174 896 209 IN
916 174 994 211 Loco.
1033 174 1081 224 341

93 315 134 373 ita
156 316 248 374 etiam
269 327 367 391 potest
386 336 441 393 per
466 319 641 377 miraculum
669 320 872 397 multiplicari,
901 340 963 380 non
991 320 1084 381 multi·

10 483 11 490 ἵ
93 404 208 479 plicato
229 407 338 464 effectu
358 406 508 482 primario.

155 494 208 552 Ad
229 494 431 554 difficultatem
451 514 524 556 vero
544 499 584 556 ab
606 498 782 558 adversariis
802 501 935 559 molitam
963 518 1083 576 respon·

10 605 11 612 ¹
92 584 170 641 dent
190 582 403 659 distinguendo
418 587 477 644 hoc
490 586 598 645 modo:
621 588 738 665 Corpus
753 607 817 648 esse
832 588 1083 664 circumscriptive
1147 640 1152 653 ,

91 672 125 729 in
146 674 219 731 loco
240 674 414 748 expostulat,
436 686 468 733 ut
487 674 561 733 nihil
582 676 645 735 eius
666 676 702 735 sit
722 688 813 750 extra,
836 678 854 737 i.
870 696 895 737 e.
911 679 952 737 ita
965 688 997 736 nt
1009 677 1083 735 nihil

93 760 145 833 sit,
176 762 261 837 quod
288 762 330 820 ibi
356 762 489 835 nonsit,
518 784 608 836 conc.,·
635 776 666 823 ut
685 766 760 825 nihil
781 767 831 838 sit,
860 767 943 842 quod
963 785 1025 825 non
1047 766 1083 825 sit

93 851 189 908 solum
213 850 263 921 ibi,
285 869 362 925 nego.

155 941 205 997 De
222 940 315 999 modo
335 940 474 1016 denique,
497 961 558 1018 quo
579 944 772 1003 multilocatio
786 945 837 1003 illa
850 946 908 1016 fiat,
930 944 1083 1021 multiplex

94 1038 139 1087 est
159 1029 409 1105 pbilosophorum
429 1032 583 1091 sententia.

155 1119 232 1176 Sunt
246 1113 366 1193 (Suarez
386 1119 464 1178 inter
483 1115 567 1195 alios)
590 1122 642 1197 qui
663 1132 805 1182 censeant
824 1124 974 1199 reproduci
987 1122 1082 1199 ipsam

93 1208 297 1267 substantiam.
327 1209 418 1268 Unde
436 1209 594 1284 actionem,
617 1230 677 1286 qua
697 1214 728 1270 fit
748 1213 950 1283 multilocatio,
971 1222 1083 1271 vocant

92 1298 328 1371 reproductivam.

154 1385 217 1443 Alii
226 1404 298 1445 vero
308 1382 396 1461 (inter
405 1406 480 1465 quos
488 1389 602 1461 ScotuS,
613 1390 817 1462 Bellarminus,
827 1392 975 1466 Vasquez,
986 1393 1080 1466 Lugo‚

92 1471 155 1549 alii)
178 1478 274 1534 solam
293 1477 457 1534 relationem
471 1480 653 1553 praescntiae
673 1481 720 1538 vel
744 1479 812 1537 «ubi
828 1480 965 1539 modale»
983 1498 1082 1555 repro-

91 1564 165 1622 duci
194 1575 333 1636 censent,
361 1564 403 1623 ita
428 1576 461 1625 ut
487 1568 637 1627 actionem
658 1587 767 1644 corpus
788 1568 1020 1627 multilocantem
1041 1568 1083 1626 di·

91 1664 166 1712 cant
186 1654 373 1713 adducebant.

138 1729 251 1801 ⁴«P0ni
278 1743 359 1802 enim
386 1744 417 1801 in
445 1744 563 1803 diverso
591 1746 674 1817 loco,
706 1746 803 1816 aiunt,
834 1744 906 1803 nihil
928 1745 1007 1805 aliud
1028 1756 1080 1817 est,

91 1852 184 1908 quam
207 1832 318 1893 habere
340 1834 413 1893 duas
434 1834 619 1895 ubicationes
640 1836 779 1907 diversas
802 1835 1019 1912 respondentes
1040 1834 1082 1893 di-

90 1922 186 1980 versis
207 1921 324 1997 spatiis3
351 1933 382 1982 et
405 1924 459 1982 has
486 1943 540 1982 ens
567 1926 679 1984 habere
707 1935 805 2002 potest
832 1943 888 2001 per
914 1926 1009 1983 solam
1035 1943 1082 1982 ac·

12 2023 13 2026 ’
91 2011 209 2068 tionem
230 2012 427 2072 adductivam.
461 2013 547 2086 Quae
568 2015 601 2072 fit
621 2014 685 2073 sine
706 2025 787 2073 motu
808 2013 906 2085 locali,
931 2014 1080 2088 quianon

10 2102 11 2169 g
91 2101 125 2157 fit
145 2101 314 2172 translati0,
343 2102 396 2160 sed
417 2121 464 2160 res
484 2112 600 2161 retenta
625 2105 693 2162 loco
721 2103 820 2180 priore
849 2103 934 2162 simul
962 2103 993 2160 in
1021 2103 1079 2160 alio

91 2206 193 2264 eoque
214 2189 316 2248 dissito
338 2190 549 2250 constituitur.»
566 2193 575 2224 ¹

156 2281 243 2337 Haec
264 2280 356 2338 altera
377 2280 523 2339 sententia
543 2281 660 2340 videtur
680 2299 745 2341 esse
766 2282 959 2341 verisimilior.
1003 2280 1081 2353 Qua·

91 2376 219 2443 propter
239 2368 335 2426 minus
356 2379 437 2428 recte
458 2371 559 2428 dicere
575 2371 713 2429 videntur
735 2371 785 2446 qui
800 2372 948 2429 affirmant
962 2370 1081 2444 corpori

92 2458 298 2531 compluribus
327 2457 401 2517 locis
430 2461 589 2518 constituto
620 2458 721 2518 omnia
750 2461 874 2518 omnino
908 2468 1080 2533 competere

92 2565 183 2620 posse
204 2546 235 2603 in
256 2546 379 2607 diversis
399 2548 488 2620 locis,
515 2567 592 2624 quae
613 2549 730 2607 duobus
750 2551 797 2608 vel
818 2548 949 2624 pluribus
977 2565 1081 2621 corpo·

92 2637 174 2694 ribus
195 2635 328 2695 eiusdem
349 2636 460 2712 speciei
488 2637 518 2694 in
547 2639 748 2714 compluribus
775 2639 848 2697 locis
875 2637 996 2714 propria
1024 2635 1082 2694 sint

91 2727 140 2784 vel
161 2725 301 2784 accidere
322 2725 451 2801 possint:
473 2727 513 2784 ita
534 2737 565 2784 ut
584 2728 676 2786 homo
698 2729 819 2803 quidam
838 2727 1035 2786 multilocatus
1049 2725 1079 2782 in

92 2833 154 2872 uno
174 2815 245 2874 loco
267 2815 392 2887 esurire,
417 2815 448 2873 in
469 2817 563 2875 altero
584 2817 670 2875 simul
692 2817 790 2875 satiari
811 2816 920 2892 possit3
942 2815 992 2874 hic
1013 2833 1080 2891 pec·

11 2968 12 2971 ¹
93 2923 172 2976 care,
196 2903 237 2962 ibi
259 2905 336 2964 bene
358 2923 465 2981 agere3
485 2905 534 2964 hic
555 2923 620 2964 esse
636 2906 713 2977 felix,
735 2904 777 2964 ibi
795 2905 1027 2978 infelicissimum
1048 2923 1080 2962 se

11 3021 19 3053 2>
92 2995 190 3071 ipsum
211 2994 378 3053 interficere
399 2996 430 3053 in
451 3014 511 3054 uno
532 2996 602 3054 loco
623 3005 653 3054 et
673 2997 704 3053 in
724 2997 818 3054 altero
839 3013 960 3054 manere
982 3014 1080 3070 super·

91 3083 208 3159 stitem3
222 3083 281 3141 alia
293 3083 469 3143 huiusmodi.
492 3085 552 3143 Sed
566 3085 732 3143 audiendus
747 3095 791 3143 est
804 3085 898 3159 magis
915 3087 946 3142 P.
962 3083 1078 3159 Lepidi,

11 3166 12 3211 ³
93 3173 143 3248 qui
168 3191 395 3249 «quaecumque
416 3174 488 3231 fiunt
509 3174 590 3233 circa
611 3192 675 3232 esse
696 3173 886 3233 substantiale
916 3174 1079 3248 corporis»,

11 3256 19 3336 l

155 3367 165 3399 ¹
185 3369 225 3418 Cf.
244 3370 327 3429 Pescla,
347 3370 442 3418 Philos.
462 3377 512 3418 nat.
532 3371 558 3418 11
577 3366 631 3431 (ed.
652 3365 690 3429 2),
714 3368 770 3430 158.
