2350 3700
156 160 206 210 180
526 171 763 209 uuruononoom.

151 319 361 391 accidentalia,
382 319 431 377 vel
451 336 507 394 per
527 319 651 395 propria
670 321 717 378 vel
738 337 794 395 per
814 338 919 378 causas
940 320 993 378 vel
1016 337 1082 395 per
1105 319 1162 376 ori-

151 410 252 484 ginem
272 407 367 484 magis
387 407 563 466 declaratur.
606 409 784 484 Exemplum
812 407 1000 468 definitionis
1024 407 1161 467 causalis

150 498 227 557 haec
241 509 297 556 est:
315 496 444 556 «Anima
452 497 583 555 humana
597 507 641 556 est
650 497 813 556 substantia
822 517 841 555 a
850 499 919 556 Deo
930 499 969 556 ad
982 497 1160 574 imaginem

150 587 241 663 ipsius
263 596 378 660 creata,
407 597 438 644 ut
458 586 555 662 ipsum
576 587 792 663 cognoscendo
813 596 843 645 et
863 588 1000 645 amando
1024 598 1159 646 aeterno

150 676 187 734 sit
206 676 324 735 beata.»

214 795 240 832 2.
256 775 313 832 Vel
323 773 569 850 philosophorum
579 792 664 833 more
679 792 726 833 res
741 773 909 832 declaratur
919 792 975 850 per
991 775 1158 834 elementa

150 863 213 923 eius
242 862 425 934 essentialia,
456 873 486 921 et
515 874 587 921 tunc
615 863 722 921 dicitur
751 863 877 938 definitio
905 865 1074 922 essentialis
1107 865 1157 921 vel

149 951 365 1030 philosophica.
394 952 448 1010 Est
461 950 589 1027 proinde
605 952 681 1010 haec
696 951 845 1012 definitio:
867 954 962 1010 oratio
979 972 1044 1027 qua
1058 954 1157 1029 ipsr'us

148 1044 193 1099 rai
211 1042 329 1099 essentia
348 1041 520 1099 declaratur.

208 1139 258 1197 Ad
278 1140 357 1197 hanc
378 1139 566 1198 essentialem
586 1139 792 1198 definitionem
819 1139 878 1198 hoc
900 1139 1031 1198 articulo
1053 1141 1152 1199 unice

148 1229 343 1288 attendemus.

432 1356 449 1424 ξ
469 1373 493 1409 2.
525 1362 569 1410 De
587 1361 728 1410 divisione
746 1361 848 1423 logica.

205 1483 323 1541 Diuisio
343 1483 431 1556 logica
449 1485 481 1541 fit
502 1481 748 1559 quotiescumque
768 1482 908 1542 notiones
922 1497 1151 1544 enumerantur

146 1571 243 1630 minus
268 1571 465 1644 universales,
495 1591 572 1647 quae
600 1573 651 1630 sub
673 1575 832 1630 extensione
858 1572 982 1632 alicuius
1005 1575 1149 1633 notionis

146 1659 365 1720 universalioris
385 1662 583 1721 continentur.
627 1663 676 1720 Sic
698 1681 724 1722 e.
746 1681 774 1738 g.
797 1661 976 1720 divisionem
1005 1663 1147 1738 logicam

146 1749 317 1820 habuimuS,
348 1750 471 1826 quando
501 1752 640 1810 arborem
671 1750 904 1827 porphyrianam
935 1747 976 1827 (p.
1009 1748 1060 1827 23)
1096 1771 1165 1814 exr

146 1848 306 1912 struentes,
341 1840 534 1907 substantiam
568 1840 719 1900 divisimus
754 1839 785 1899 in
819 1860 998 1918 corpoream
1036 1853 1069 1901 et
1103 1841 1165 1901 in?

146 1947 337 2004 corpoream3
368 1948 560 2006 corpoream,
589 1930 619 1988 in
651 1930 824 2006 organicam
855 1941 884 1989 et
911 1930 1146 2006 inorganicam;

146 2019 327 2093 organicam,
343 2019 374 2077 in
388 2038 465 2095 quae
480 2032 548 2079 sunt
556 2020 680 2096 reliqua.
703 2020 880 2079 Universale
896 2020 976 2077 enim
991 2022 1145 2081 reflexum
1162 2030 1163 2062 l

148 2108 343 2167 «substantia»
367 2128 386 2167 a
405 2119 505 2168 mente
527 2096 695 2185 concipitur
716 2121 747 2168 ut
761 2117 848 2168 totum
867 2110 1010 2183 quoddam
1031 2105 1143 2184 (totum
1161 2118 1162 2164 l

145 2191 284 2273 logicum)
299 2209 439 2257 constans
454 2218 491 2258 ex
505 2198 695 2258 inferioribus
716 2198 774 2258 suis
794 2209 826 2256 ut
840 2198 973 2273 partibus
988 2193 1142 2273 (partibus
1160 2198 1161 2268 l

144 2281 268 2360 logicis).
304 2286 418 2346 Divisio
438 2289 537 2364 logica
563 2282 698 2365 proinde
713 2299 794 2347 recte
815 2288 970 2347 definitur:
1000 2284 1160 2346 resolutio

144 2382 172 2431 et
189 2376 349 2434 distributio
368 2379 538 2435 uniuersalis
556 2379 700 2436 cuiusdam
720 2380 751 2436 in
766 2378 971 2454 particularia,
992 2396 1071 2452 quae
1088 2380 1141 2436 sud

143 2466 204 2521 eius
223 2468 382 2524 extensione
402 2469 585 2525 continentur.

203 2553 319 2612 Dicitur
345 2564 445 2614 autem
472 2554 640 2615 universale
661 2557 803 2615 reflexum
824 2564 918 2613 totum
939 2555 1084 2630 logicum,
1109 2568 1140 2617 et

143 2642 284 2702 inferiora
305 2644 366 2702 eius
387 2655 486 2719 partes
506 2645 636 2721 logicae,
659 2645 729 2721 quia
749 2656 843 2704 totum
864 2654 933 2702 sunt
952 2644 1001 2702 vel
1023 2658 1137 2720 partes,

142 2742 174 2790 ut
194 2732 278 2804 talia,
307 2752 369 2791 non
390 2733 421 2791 in
443 2752 541 2793 rerum
568 2744 674 2792 natura
701 2734 885 2804 exsistentia,
914 2732 968 2790 sed
996 2752 1017 2789 a
1044 2744 1139 2792 niente

142 2823 271 2895 cogitata.

202 2913 311 2983 Partes,
335 2929 412 2986 quae
433 2931 470 2970 ex
490 2912 637 2971 divisione
658 2914 815 2985 resultant,
845 2914 986 2975 dicuntur
1007 2921 1135 2977 mentire

141 2999 301 3059 divisionis.
331 3001 422 3075 Quod
437 3001 461 3059 si
474 3001 540 3076 ipsa
553 3003 690 3060 membra
703 3003 775 3061 item
790 3003 970 3077 dividuntur,
986 3008 1131 3067 habemus

140 3090 345 3147 subdivisiones.
387 3092 533 3165 Exempla
553 3090 639 3149 huius
664 3091 708 3149 rei
734 3094 860 3167 praebet
881 3095 972 3153 arbor
993 3096 1045 3155 illa
1066 3118 1131 3173 por·

141 3178 295 3255 phyriana.

199 3269 228 3323 A
242 3266 386 3326 divisione
401 3268 499 3342 logica
513 3268 618 3327 sedulo
632 3269 843 3345 distinguenda
857 3283 903 3330 est
915 3273 1017 3331 divisio
1032 3279 1125 3343 realis,

140 3370 217 3426 quae
232 3363 291 3410 est:
313 3356 443 3411 resolutio
463 3364 491 3411 et
510 3358 669 3414 (distributio
687 3358 807 3416 alicuius
827 3363 872 3417 rei
890 3363 920 3417 in
935 3369 1041 3437 partes
1062 3386 1128 3440 quas

137 3612 153 3639 Γ..

136 3640 164 3674 ξ’.
