2350 3700
144 163 194 200 202
518 163 760 201 METRODOLOGIA.

142 313 299 370 annuerint
316 314 517 388 sapientissimi
534 312 732 389 professores,
762 319 790 369 et
809 313 930 386 fauerit
956 314 1155 370 ornatissimo

142 401 316 458 adstantium
330 418 442 470 corona,
458 402 556 459 thesim
563 401 694 478 probabo
708 403 747 459 sic
758 403 935 459 institutam.
949 448 955 458 .
967 421 994 460 .»
1018 400 1155 459 Thesim

142 490 283 560 enuntiat,
306 490 435 565 explicat
455 500 544 566 atque
566 489 655 549 certis
677 489 858 565 argumentis
872 492 992 566 probat.
1025 490 1155 562 Quibus

141 579 230 637 finitis
251 577 323 637 addi
343 581 433 638 solet:
455 581 501 638 Et
518 580 564 637 liis
583 580 698 638 videtur
716 580 802 636 thesis
822 597 878 637 esse
892 581 1033 654 probata.

201 671 240 726 II.
262 671 349 727 Tunc
370 687 493 743 arguens
513 687 671 744 assurgens
694 668 801 726 thesim
829 669 989 744 impugnat
1018 668 1153 726 dicens:

145 757 326 831 «Aggremor
344 758 442 815 thesim
463 765 491 815 et
509 758 589 815 dieo.
607 804 612 814 .
631 777 655 815 .›>
674 751 792 832 (statuat
806 757 1054 833 propositionem
1071 757 1155 816 thesi

142 845 323 905 contrariam
350 848 397 906 vel
426 839 711 920 contradictoriam).
754 847 886 919 Quando
915 847 1081 905 sollemnis
1109 859 1157 904 est

141 935 310 1010 disputatio,
332 945 403 994 tunc
424 954 552 1011 arguens
573 945 672 1012 potest
692 944 868 1010 argumenta
881 954 934 994 sua
947 935 1055 1010 primo
1073 955 1157 993 sum·

142 1025 244 1082 matim
265 1035 295 1082 et
315 1026 412 1084 soluto
433 1043 572 1084 sermone
594 1025 758 1095 declarare,
781 1024 917 1083 exhibitis
936 1023 1022 1100 prius
1039 1025 1155 1082 adver-

144 1113 222 1172 sario
243 1114 343 1173 bonae
364 1115 403 1173 de
424 1114 682 1190 argumentatione
706 1113 769 1171 eius
790 1113 1017 1172 existimationis
1041 1113 1153 1189 signis²

141 1201 252 1261 deinde
272 1204 303 1260 in
317 1202 422 1276 forma
442 1203 571 1279 primum
592 1213 801 1278 argumentum
826 1213 958 1278 exponat
987 1202 1151 1260 dicendo:

145 1292 243 1350 «Unde
256 1294 296 1349 sic
314 1293 425 1350 orarius
445 1299 473 1349 et
491 1295 523 1350 in
537 1292 643 1366 forma
658 1338 663 1349 .
681 1339 687 1348 .
705 1311 729 1349 .>›
762 1292 1015 1367 Arguentisnero
1032 1303 1084 1351 est
1099 1311 1155 1350 eas

141 1379 272 1440 rationes
286 1380 450 1455 exquirere,
466 1381 573 1457 quibus
587 1381 677 1440 thesis
691 1381 842 1440 efficacius
852 1381 1027 1456 impugnari
1038 1382 1152 1456 possit.
1166 1417 1167 1440 r

141 1471 283 1527 Formam
303 1488 376 1528 vero
398 1471 481 1545 quod
502 1472 621 1541 attinet,
644 1470 850 1546 enthymema,
872 1470 1033 1541 dilemma,
1059 1465 1167 1550 Syllo-l

141 1559 252 1634 gismus
273 1558 491 1618 condicionalis
511 1579 574 1618 non
597 1559 794 1618 excluduntur
815 1559 946 1635 quidem,
970 1559 1029 1618 sed
1045 1562 1154 1620 minus

143 1649 316 1724 frequenter
336 1657 403 1707 sunt
424 1648 605 1707 adhibenda.
641 1649 834 1707 Suadendum
855 1648 1003 1723 imprimis
1026 1659 1086 1719 est,
1112 1669 1153 1707 ne

142 1755 261 1812 semper
287 1748 420 1796 versetur
448 1737 578 1796 obiectio
607 1737 639 1795 in
665 1737 843 1813 syllogismis
864 1737 1151 1809 condicionalibus,

145 1825 213 1904 «qui
235 1845 303 1885 curn
323 1826 404 1886 haud
424 1845 492 1887 raro
513 1827 545 1885 in
571 1845 670 1887 rerum
698 1827 855 1905 superficie
882 1827 1051 1900 haereant,
1085 1829 1154 1905 pnl-

140 1916 226 1975 vinar
246 1927 314 1975 sunt
334 1916 499 1992 pigritiae.»

202 2006 355 2079 Quantum
375 2024 448 2064 vero
467 2006 511 2064 fas
525 2015 577 2078 est,
600 2016 779 2082 usurpentur
793 2006 956 2083 syllogismi
971 2008 1152 2083 categorici

142 2094 244 2170 illique
265 2094 398 2170 perfecti.

202 2186 254 2242 III.
286 2184 397 2242 Audita
424 2184 575 2259 arguentis
603 2183 699 2259 prima
728 2182 891 2242 assertione
919 2184 1074 2260 opposita
1102 2188 1148 2244 vel

142 2273 239 2349 prima
253 2273 520 2349 argumentatione,
538 2273 706 2331 defendens
722 2272 809 2331 dicit:
836 2273 900 2331 «Sic
911 2282 1151 2347 argumentatur

142 2363 333 2420 dilectissimas
353 2363 589 2437 condiscipulus»,
616 2372 759 2420 ettotam
781 2362 986 2421 obiectionem
1009 2364 1148 2423 fideliter

141 2452 257 2528 repetit.
286 2454 373 2510 Tunc
393 2461 569 2526 arguentem
589 2451 685 2526 ipsum
707 2452 879 2526 alloquens:
905 2450 971 2509 «Sic
983 2472 1147 2526 argumen-

141 2543 227 2611 taris,
255 2542 427 2599 dilectissime
453 2541 654 2616 condiscipulo.
672 2586 677 2597 .
695 2559 720 2597 .»
765 2541 893 2616 Singulis
914 2538 1034 2601 deinde
1059 2563 1148 2619 argu·

142 2630 332 2690 mentationis
352 2629 494 2689 membris
515 2629 622 2688 iterum
643 2630 774 2705 repetitis
795 2648 971 2705 responsum
990 2631 1148 2708 adiungit,

142 2720 234 2779 etsie
255 2719 399 2795 deinceps
418 2738 473 2795 per
494 2728 588 2777 totam
610 2718 850 2794 disputationem.

205 2812 322 2868 «Potest
343 2819 441 2867 autem
462 2807 564 2866 vitium
586 2807 850 2883 argumentationis
871 2808 999 2884 reperiri
1029 2813 1088 2869 vel
1119 2812 1147 2869 in

141 2898 270 2959 termino
284 2897 386 2957 medio
400 2899 447 2956 vel
462 2897 492 2955 in
507 2898 648 2955 alterutro
663 2906 871 2957 extremorum.
899 2897 930 2956 Si
943 2897 1054 2957 vitium
1074 2903 1147 2959 latet

142 2990 173 3047 in
194 2988 303 3062 medio,
325 2987 537 3062 distinguenda
557 2996 601 3044 est
617 2985 714 3044 maior
727 2987 892 3046 secundum
905 2987 1030 3045 termini
1045 2990 1145 3049 medii

142 3077 365 3152 ambiguitatem
379 3075 525 3134 dicendo:
542 3076 700 3149 Distingao
714 3078 856 3134 maiorem.
886 3075 1009 3135 Deinde
1025 3080 1143 3138 eodem

141 3182 229 3223 sensu
249 3163 459 3238 distinguenda
480 3173 523 3221 est
550 3164 665 3234 minor,
696 3163 843 3223 dicendo:
878 3165 1134 3240 Contradrstinga

142 3242 286 3318 minorem,
307 3250 348 3307 ita
367 3261 400 3307 ut
419 3260 544 3325 negetur
564 3251 595 3308 in
616 3253 733 3311 minore
755 3271 790 3312 ea
809 3274 887 3330 pars,
910 3273 988 3330 quae
1012 3275 1144 3334 respon·

143 3340 212 3396 deat
233 3337 309 3412 parti
330 3338 361 3393 in
381 3338 493 3398 maiore
515 3357 686 3398 concessae.
729 3343 868 3402 Tandem
889 3344 1037 3419 neganda
1072 3368 1143 3405 con·

1157 3586 1164 3683 l
