2350 3700
253 138 521 179 uuuuuonrutsrius
540 140 662 179 unimus
683 140 872 179 sxrutcnsun.
1005 130 1054 192 385

61 290 146 347 riore
178 290 246 347 luce
272 289 400 347 collocat
413 291 430 347 ².
471 288 581 350 Melius
607 289 704 347 deinde
731 290 853 364 explicat
880 306 973 347 omnes
996 290 1056 347 sua

61 379 214 436 stantialis
233 380 370 436 novitates
392 388 531 450 naturae,
559 396 586 437 e.
608 396 637 453 g.
666 377 867 437 diversitatem
894 377 999 436 virium
1027 389 1057 437 et

61 468 282 543 proprietatum
295 485 393 542 aquae
408 468 531 543 eiusque
545 469 771 539 elementorum,
790 467 930 543 oxygenii
944 467 1056 525 scilicet

62 567 94 614 et
116 554 304 632 hydrogenii‚
326 566 487 631 antequam
508 556 727 615 combinantur.

126 645 298 721 Philosophi
317 644 449 720 denique
463 645 618 704 christiano
630 645 745 719 dignior
759 654 811 717 est,
834 663 902 704 cum
916 646 1057 721 dogmata

63 734 213 792 nonnulla
233 733 392 793 christiana
411 733 517 793 melius
537 734 673 810 explicet.

129 823 217 897 Quae
239 841 307 881 cum
334 821 375 881 ita
395 823 468 895 sint,
495 833 630 882 nostram
652 824 731 882 hanc
751 824 875 882 facimus
895 824 926 881 P.
949 823 1057 899 Lepidi

64 922 301 971 conclusionem:
324 912 558 989 «Peripateticum
584 913 750 971 sententiam
777 918 810 969 ut
835 912 1057 971 verisimiliorem

57 1010 287 1078 propugnamus,
308 1008 402 1077 utpote
421 1019 495 1076 quae
513 1002 713 1059 rationabilius
733 1002 872 1077 tutiusque
892 1001 1059 1077 respondeat

63 1094 163 1149 omnio
188 1092 339 1167 quaerenti
363 1091 398 1148 de
417 1090 514 1160 nodo,
541 1109 597 1165 quo
621 1092 787 1149 mutationes
807 1098 835 1147 et
853 1093 1057 1167 conpositiones

2 1239 3 1242 ,
63 1180 265 1238 substantiales
290 1181 322 1237 in
349 1187 457 1238 natura
475 1181 564 1255 fiunt.
607 1181 686 1237 Earn
712 1186 806 1237 autem
833 1186 976 1255 tainquam
999 1198 1056 1238 sen·

2 1287 4 1312 2
64 1272 185 1327 tonnam
212 1270 325 1327 ornnino
351 1276 471 1341 certam,
499 1286 571 1343 quae
598 1271 723 1327 animum
748 1270 784 1325 ab
804 1271 882 1326 omni
896 1268 1058 1344 formidine

2 1347 4 1382 ³
64 1360 172 1427 liberet,
196 1357 348 1433 defendar
367 1377 423 1416 non
444 1358 630 1416 audinus.›>²

445 1537 611 1585 Anrrcunus
631 1547 673 1585 111.

187 1628 514 1699 uutauourrusuus
533 1649 682 1699 ussurus
701 1648 932 1699 uxrsrcnruu.

151 1772 169 1839 ξ
192 1790 212 1825 r.
245 1779 287 1827 De
307 1785 406 1827 natura
423 1776 624 1841 principiorum
644 1791 793 1841 corporum
812 1778 974 1841 singillatim

467 1867 657 1922 acceptorum.

128 1972 256 2031 Materia
276 1984 306 2032 et
326 1973 438 2044 forma,
466 1973 505 2032 de
527 1991 587 2048 qua
613 1973 766 2048 hucusque
787 1989 884 2030 sermo
906 1983 984 2043 erat,
1013 1983 1057 2030 est

65 2061 192 2119 materia
219 2061 317 2137 prima
343 2072 373 2120 et
401 2062 497 2120 forma
524 2061 730 2120 substantialis.
773 2061 860 2119 Circa
884 2079 984 2120 earum
1007 2081 1057 2118 na·

65 2160 164 2209 turam
185 2150 353 2210 scholastici
373 2151 449 2209 haec
469 2151 597 2210 docent:

2 2308 3 2313 η
127 2241 151 2297 Ι.
177 2238 284 2314 Quoad
299 2241 456 2299 maaian
478 2271 518 2279 —
542 2261 566 2298 1.
589 2239 715 2299 Materia
743 2238 839 2315 prima
859 2250 903 2297 est
923 2239 1056 2315 potentia

65 2346 149 2404 pura,
173 2328 244 2403 quia
263 2330 374 2388 mdlam
395 2329 486 2388 habet
499 2346 537 2387 ex
550 2328 584 2387 iis
599 2328 895 2388 detenninationibus
909 2323 1055 2404 (actibus),

3 2442 4 2449 ¹
66 2436 142 2492 quas
169 2417 201 2475 in
228 2429 333 2476 natura
360 2436 459 2477 rerum
485 2418 635 2490 videmus,
664 2417 716 2478 sed
743 2417 838 2476 estin
859 2417 992 2493 potentia
1014 2435 1055 2476 re·

3 2539 12 2591 ιι,
65 2506 200 2582 cipiendi
221 2525 334 2566 omnes.
371 2508 419 2566 Sic
440 2518 538 2567 autem
552 2509 690 2584 negative
705 2526 771 2566 eam
786 2509 960 2566 Aristoteles
975 2516 1054 2565 recte

128 2681 137 2713 ¹
161 2685 290 2748 «Principe
307 2687 335 2735 de
353 2687 378 2734 la
396 2687 563 2735 conservationi
581 2688 609 2736 de
628 2688 653 2735 la
676 2702 761 2735 niassi.
799 2687 824 2734 Si
847 2685 898 2733 l'on
925 2685 1054 2734 considere

65 2781 99 2812 un
118 2763 228 2827 systdme
247 2766 279 2813 de
299 2781 373 2830 corps
393 2762 589 2832 complitcment
615 2767 692 2825 isole,
719 2765 814 2830 quelles
840 2781 888 2829 que
914 2767 993 2814 soient
1019 2765 1055 2812 les

5 2890 7 2911 ‚
65 2845 285 2894 mussormations
310 2845 351 2911 qui
377 2862 404 2894 se
429 2847 578 2911 produisent
604 2843 619 2894 i
644 2845 783 2895 l'intirieur
809 2847 843 2894 du
876 2846 998 2909 systdme,
1031 2845 1055 2892 la

66 2941 147 2974 masse
166 2925 243 2986 totale
261 2935 327 2974 reste
346 2927 563 2990 rigoureusement
583 2926 730 2975 invariable.
747 2952 780 2959 -
795 2927 907 2989 Principe
925 2927 952 2975 de
965 2927 990 2974 la
1002 2941 1055 2974 con-

66 3005 190 3054 seo-aetion
214 3005 243 3054 de
267 3002 387 3070 tenirgti.
425 3005 452 3055 Si
480 3005 533 3056 l'on
561 3007 695 3056 considdre
724 3021 758 3054 un
786 3007 894 3070 systeme
919 3006 952 3054 de
980 3021 1055 3069 corps

5 3124 7 3156 ι
66 3085 263 3150 completement
282 3086 352 3147 isole,
373 3088 397 3134 la
415 3103 510 3136 somme
530 3087 562 3135 de
580 3086 701 3151 l‘6nergie
721 3086 826 3135 actuelle
845 3095 870 3134 et
890 3085 922 3134 de
935 3084 1054 3148 l’e'nergie

6 3157 10 3195 7
66 3166 213 3227 potentielle
239 3176 277 3214 cst
302 3175 449 3226 constante,
477 3167 573 3232 quelles
599 3183 648 3231 que
674 3167 756 3215 soient
775 3166 812 3214 les
838 3165 1055 3213 transformations

67 3246 152 3294 subies
170 3262 219 3311 par
236 3245 260 3294 le
279 3247 401 3311 systime»
420 3245 563 3310 (Gauthi'er,
582 3249 683 3308 Lecons
702 3247 733 3294 de
748 3243 860 3306 chimie).
888 3245 926 3292 Cf.
942 3245 1055 3301 Merctor,

69 3325 236 3390 Psychologie
255 3343 281 3392 p.
302 3337 343 3396 35.
453 3323 569 3390 *Lapidis
585 3328 602 3376 l.
623 3343 643 3375 c.
664 3326 709 3386 111,
730 3326 771 3374 80.

121 3419 313 3469 Reiustodler,
329 3421 398 3460 Elem.
414 3421 493 3472 philos.
509 3421 575 3460 schol.
600 3421 635 3486 Ι.Ι
861 3422 892 3473 25
