2350 3700
307 165 345 200 DE
366 165 555 203 OPPOSITIONE
576 167 816 203 PROPOSITIONUM.
1022 167 1054 220 §3

61 329 132 368 cum
154 329 261 370 revera
289 313 436 388 aliquibus
463 332 527 372 non
540 305 713 374 'conveniat
740 325 769 374 et
796 313 882 374 simul
908 315 1056 392 aliquibus

61 401 235 460 conveniat.
286 405 357 461 Hoc
390 415 488 462 autem
518 421 581 462 non
609 403 733 462 involvit
762 405 989 480 repugnantiam
1020 424 1056 465 ex

59 500 149 565 parte
170 490 313 569 principii
334 491 594 564 contradictionis
624 493 695 568 quia
717 493 759 552 iili
780 495 872 570 aliqui
896 512 959 552 non
987 489 1067 554 sunt

59 579 237 639 necessario
258 582 366 641 eadem
386 580 549 640 individua.

125 670 211 728 Hinc
241 671 374 746 sequitur
403 673 520 747 regula:
553 672 608 730 Ex
634 674 755 732 cantate
780 674 865 731 anius
893 675 1055 732 contrariae

59 761 195 833 sequitur
207 759 332 834 falsitas
346 762 473 830 alterius,
494 761 546 818 sed
556 781 593 819 ex
606 761 743 836 falsitate
755 763 840 821 unt'm
854 782 910 820 non
930 764 1057 840 sequitur

59 849 174 906 ueritas
194 850 320 908 alteritas.

125 939 181 996 III.
204 938 293 998 Circa
313 940 533 1016 propositiones
553 941 773 1000 abconuarias.

129 1047 156 1086 1.
171 1029 261 1086 Duae
268 1032 473 1105 propositiones
490 1031 704 1089 subcontrariae
718 1026 835 1107 (aiiquis
848 1031 940 1090 homo
954 1041 999 1090 est
1012 1050 1055 1090 sa·

62 1115 163 1192 piens,
179 1116 286 1194 aliquis
300 1120 391 1178 horno
404 1137 469 1178 non
483 1129 528 1178 est
537 1116 667 1196 sapiens)
676 1127 799 1196 possunt
806 1137 861 1179 esse
869 1120 956 1178 simul
961 1139 1053 1178 verae.

63 1206 138 1264 Non
160 1206 241 1266 enim
261 1208 311 1266 ille
332 1210 436 1284 aliquis
456 1220 501 1268 est
521 1209 693 1269 necessario
714 1209 796 1269 idern
816 1209 1010 1269 individuum.

128 1315 155 1353 2.
170 1297 259 1354 Duae
266 1300 472 1372 propositiones
484 1300 698 1357 subcontrariae
710 1317 767 1356 non
775 1305 896 1375 possunt
908 1317 963 1357 esse
971 1300 1058 1357 simul

56 1384 170 1459 sabae.
212 1388 283 1444 Hoc
303 1386 384 1445 enim
404 1388 428 1446 si
449 1389 513 1446 fieri
533 1399 648 1464 posset,
670 1405 708 1447 eo
728 1388 795 1465 ipso
817 1399 1000 1463 sequeretur,
1022 1399 1054 1446 ut

63 1475 144 1533 duae
165 1475 386 1552 propositiones
406 1477 574 1537 contrariae
596 1488 696 1537 essent
715 1478 802 1535 simul
822 1496 919 1537 verae.
954 1478 1053 1535 Verae

62 1563 147 1622 enim
169 1574 269 1624 essent
286 1565 466 1642 singularum
481 1565 741 1637 contradictoriae,
763 1565 834 1642 quia
847 1566 924 1625 duae
939 1576 1054 1625 contra·

63 1653 214 1712 dictoriae
227 1672 290 1713 nou
304 1665 428 1731 possunt
442 1673 508 1714 esse
522 1656 608 1714 simul
623 1655 714 1714 falsae
730 1651 769 1731 (p.
781 1649 839 1732 52).
865 1654 925 1714 Sed
939 1666 1054 1713 contra·

63 1741 213 1802 dictoriae
223 1743 292 1803 illae
302 1755 369 1803 sunt
378 1744 456 1804 duae
466 1743 687 1821 propositiones
696 1743 871 1804 contrariae.
888 1745 972 1802 Duas
980 1761 1052 1802 vero

63 1833 231 1893 contrarias
253 1832 339 1893 simul
359 1854 444 1895 veras
464 1853 529 1895 esse
550 1853 614 1893 non
634 1852 731 1911 posse,
753 1852 842 1910 supra
860 1833 1051 1893 ostendimus.

125 1922 210 1983 Hinc
230 1925 347 2000 regula:
369 1925 422 1984 Ex
435 1925 573 2000 falsitate
592 1927 676 1984 unito
695 1925 908 1983 subcontrariae
927 1924 1053 1999 sequitur

62 2015 173 2071 ueritas
193 2015 327 2083 alterius,
347 2015 450 2073 sodex
470 2017 589 2073 veritate
609 2016 694 2072 unius
713 2032 770 2072 non
790 2015 917 2089 sequior
929 2012 1053 2088 falsitas

62 2103 194 2160 alterius.

125 2192 179 2249 IV.
202 2193 291 2250 Circa
311 2193 531 2270 propositiones
551 2192 737 2251 subalternas.

129 2300 154 2338 1,
186 2279 221 2337 Si
245 2282 443 2340 subalternam
469 2301 539 2342 vera
566 2290 622 2352 est,
650 2300 721 2341 vera
741 2288 782 2339 est
800 2289 829 2340 et
846 2281 1051 2350 subalternam,

63 2370 136 2445 quia
150 2371 227 2429 haec
240 2371 272 2429 in
286 2372 385 2447 priore
399 2371 558 2431 includitur
575 2366 765 2448 (principium
786 2366 1050 2444 contradictionis),

62 2459 119 2518 sed
146 2460 386 2519 sisubalternata
406 2480 476 2525 nera
497 2468 552 2530 est,
581 2480 638 2519 non
658 2461 811 2519 necessario
838 2478 909 2519 aera
932 2467 974 2518 est
991 2460 1051 2518 sub·

63 2550 223 2619 alternam,
245 2550 327 2625 quod
348 2549 428 2610 enirn
450 2550 488 2610 de
510 2549 656 2627 aliquibus
669 2568 772 2609 verum
793 2560 845 2621 est,
867 2567 931 2609 non
950 2566 1052 2608 neces·

64 2636 144 2696 sario
165 2656 269 2697 verum
291 2649 335 2698 est
355 2640 393 2699 de
416 2640 569 2699 omnibus:
592 2640 670 2698 duae
684 2638 908 2699 subcontrariae
928 2648 1051 2714 possunt

64 2728 152 2787 simul
173 2746 239 2787 esse
258 2745 356 2787 verae.

127 2836 152 2875 2.
176 2816 207 2874 Si
233 2818 432 2879 ubalternans
452 2819 540 2893 falsa
559 2827 616 2889 est,
643 2838 700 2877 non
721 2820 874 2877 necessaria
895 2817 983 2892 falsa
1011 2825 1053 2875 est

63 2906 270 2976 subalternota,
293 2908 362 2983 quia
383 2908 459 2967 duae
481 2908 704 2969 subcontrariae
725 2918 850 2984 possunt
876 2926 941 2966 esse
964 2908 1051 2965 simul

65 3014 169 3071 verae3
197 2995 252 3055 sed
271 2999 299 3054 si
316 2998 512 3056 subalternata
525 2998 613 3073 falsa
633 3005 689 3066 est,
718 3017 737 3054 a
751 2997 879 3072 fortiori
889 2996 977 3072 falsa
997 2999 1053 3054 erit

66 3086 272 3143 subalternam.

125 3172 209 3232 Hinc
230 3175 373 3235 breviter:
395 3176 449 3234 Ex
463 3178 582 3235 ueritate
595 3177 816 3233 subalternaatis
835 3178 962 3249 sequitur
980 3177 1050 3231 veri·

66 3270 110 3322 tas
129 3264 349 3334 subalternatae,
371 3264 488 3323 sednon
503 3272 618 3333 cantra·
639 3281 675 3320 ex
688 3263 825 3337 falsitate
842 3262 1052 3318 subalternatac

67 3355 192 3429 sequitur
211 3354 335 3429 falsitas
354 3354 587 3421 subalternantis,
608 3352 731 3409 sednon
752 3359 856 3409 contra.
