2350 3700
121 107 170 155 118
495 118 728 155 cnrunnroioom.

180 267 417 316 Fundamentum.
454 257 546 331 Quod
558 258 582 315 si
595 257 634 315 de
643 260 801 315 rationibus
815 258 992 333 quaesieris,
1011 255 1120 331 quibus

118 358 179 405 tam
201 347 372 422 ponderosa
392 347 485 405 verba
505 348 632 418 firment,
653 348 729 405 haec
751 347 828 405 inter
848 348 905 405 alia
926 347 1080 406 habebis:

179 438 221 495 Ut
234 436 414 512 principium
428 437 565 511 primum,
588 436 807 508 inconcussum,
828 438 887 495 hoc
908 446 1036 512 ponunt
1051 435 1118 492 effa·

118 535 189 597 tum,
211 525 259 583 cui
281 525 435 583 axiomatis
456 525 516 583 vim
537 525 683 584 tribuunt:
718 525 885 583 «sensibilia
904 527 967 583 sele
990 526 1122 600 cognosci
1153 545 1157 555 ·

114 622 246 691 possunt·
260 634 444 690 quaecumque
457 633 524 673 vero
538 617 739 691 experientiam
753 633 882 672 semuum
896 615 1119 682 transcendunt,

119 706 233 779 agnosci
251 705 328 762 nullo
349 706 428 762 mode
442 712 589 780 possunt.»

180 794 399 853 Observatione
430 793 541 851 deinde
576 813 736 869 perperam
766 794 912 866 instituta,
949 793 1119 853 ostendere
1162 859 1163 862 Ἴ

120 893 266 941 conantur
296 900 400 941 omnes
429 893 546 941 nostras
576 883 780 959 cognitioneS,
812 884 998 959 experientia
1027 893 1118 952 teste,
1157 889 1164 906 ·’

119 991 181 1030 non
202 990 267 1030 esse
294 970 351 1029 nisi
379 972 566 1047 cognitiones
594 972 731 1030 sensiles:
762 973 840 1030 ideas
860 974 1039 1031 unierersales
1061 990 1121 1029 esse

119 1064 235 1118 nomina
255 1070 384 1132 tantum,
414 1061 520 1137 quibus
542 1080 588 1119 res
610 1060 720 1120 similes
741 1061 948 1137 designamus,
970 1079 1119 1136 quaeque
1163 1117 1164 1122 ,

121 1168 188 1208 curn
213 1149 269 1208 illis
297 1149 337 1207 ita
364 1161 432 1207 sunt
459 1169 589 1221 conexa,
625 1160 657 1208 ut
684 1169 797 1210 nomen
830 1150 976 1227 imagines
1011 1169 1118 1210 rerum

120 1238 258 1297 similium
278 1240 309 1297 in
330 1250 430 1298 mente
452 1249 565 1310 evocet,
589 1249 619 1298 et
639 1239 738 1315 imago
758 1240 885 1299 vicissim
906 1258 1021 1299 nomen
1033 1241 1051 1311 ¹,
1076 1240 1119 1297 iu·
1163 1236 1165 1241 ’

119 1328 198 1386 dicia
218 1346 290 1386 vero
312 1328 414 1387 omnia
435 1346 499 1387 esse
520 1328 631 1387 iudicia
656 1329 902 1405 experimentalia
924 1331 988 1387 «des
1008 1332 1116 1388 verite's

119 1418 341 1494 d’experience»,
363 1428 395 1476 ut
415 1419 504 1475 aiunt.

181 1508 231 1564 Ad
260 1506 356 1583 ipsum
391 1507 521 1582 denique
555 1508 691 1565 historiae
724 1508 909 1565 testinmnium
943 1516 1113 1567 recurrunt.
1163 1512 1165 1578 ξ

121 1598 197 1655 Tres
217 1596 297 1654 enim
318 1597 385 1655 illae
407 1617 425 1654 a
439 1596 547 1675 Comte
561 1597 747 1672 excogitatae
765 1597 882 1673 periodi
895 1598 964 1672 lege
979 1598 1114 1672 quadam
1163 1630 1165 1647 ι

122 1686 289 1744 necessaria
310 1686 366 1744 sibi
387 1686 596 1757 succedenteS,
623 1687 702 1743 iuxta
722 1687 812 1761 ipsos,
834 1706 853 1744 a
872 1686 1033 1761 posteriori
1055 1686 1114 1745 evi·
1163 1651 1165 1716 i

122 1776 228 1834 denter
248 1777 378 1852 probant
398 1776 562 1852 perfectam
583 1775 750 1834 intellectus
765 1776 966 1834 evolutionem
989 1775 1055 1833 fieri
1076 1794 1113 1833 ex
1163 1771 1165 1777 ⁸

122 1885 168 1937 eo,
191 1865 273 1940 quod
295 1883 387 1937 menS,
411 1865 527 1924 reiectis
548 1865 686 1924 omnibus
706 1867 948 1941 «theologorum»
973 1868 1113 1942 phantas-

123 1956 250 2014 matibus
285 1964 315 2013 et
349 1955 620 2032 metaphysicorum
660 1955 886 2028 subtilitatibus,
925 1955 1110 2031 «positivae»

122 2044 328 2121 philosophiae
350 2044 438 2103 unice
459 2045 579 2104 addicta
599 2044 636 2103 sit
645 2045 663 2102 ².
1163 2045 1165 2151 l

122 2198 275 2260 empiriimus
285 2193 374 2259 (Baco,
388 2197 503 2257 Hobbes,
518 2194 627 2260 Locke),
647 2196 748 2246 saeculo
760 2213 821 2245 vero
833 2197 923 2245 XVIII
935 2196 1113 2247 senncalismus
1163 2188 1164 2191 Ἴ

124 2273 284 2340 (Condillac)
304 2277 386 2326 dictus
405 2286 451 2325 est.
1163 2282 1164 2287 ’

187 2355 195 2386 ¹
217 2358 285 2406 «Une
301 2355 350 2406 ide'e
364 2355 478 2421 generale
496 2360 558 2408 n'est
574 2361 654 2422 qu¹un
672 2375 730 2407 nom
749 2375 847 2422 pourvu
866 2359 911 2407 des
935 2358 1004 2406 deux
1030 2374 1113 2406 carae·
1163 2386 1164 2423 3

124 2441 189 2487 teres
209 2439 242 2486 du
261 2439 339 2502 signe.
375 2439 485 2487 Premier
503 2440 637 2499 caractere,
657 2439 683 2487 la
699 2439 829 2503 propriete
848 2438 929 2488 d'etre
948 2438 1050 2502 evoque
1068 2454 1114 2502 par
1163 2430 1165 2487 l

124 2519 148 2568 la
166 2519 315 2582 perception
336 2519 367 2566 de
386 2527 441 2567 tout
460 2520 573 2567 individu
594 2521 625 2567 de
644 2521 669 2567 la
687 2520 774 2568 classe.
811 2519 913 2567 Second
932 2519 1070 2579 caractere,
1090 2518 1113 2565 la
1163 2532 1165 2634 y

123 2599 253 2664 proprie'te
269 2599 406 2663 d'evoquer
419 2615 451 2647 en
465 2616 529 2647 nous
541 2600 577 2648 les
592 2601 686 2665 images
699 2601 744 2648 des
756 2600 883 2647 individus
896 2600 928 2647 de
941 2607 1009 2648 cette
1023 2598 1111 2657 classe,

124 2689 148 2728 et
168 2680 200 2728 de
219 2688 285 2729 cette
304 2680 384 2728 classe
403 2679 556 2728 seulement»
580 2677 680 2742 (Taine,
701 2681 742 2728 De
760 2678 884 2744 l'intellig.
903 2681 923 2739 l,
944 2677 1001 2743 29).

184 2757 244 2808 Ἀ.
265 2761 355 2809 Comte
375 2756 469 2822 (Cours
489 2761 520 2808 de
539 2761 601 2824 phil.
621 2761 729 2824 positive
748 2768 765 2808 t.
784 2761 811 2820 l,
830 2759 888 2808 lect.
912 2773 933 2819 1,
952 2776 978 2823 p.
1002 2768 1043 2821 15.
1067 2757 1110 2822 16)

125 2841 156 2888 de
175 2841 231 2905 lege
249 2839 423 2906 gravitationis
441 2855 511 2888 more
534 2841 726 2904 positivistarum
751 2841 872 2905 loquens:
903 2839 1005 2900 «Quant
1031 2836 1047 2885 ὲ
1072 2840 1112 2887 de-

125 2921 266 2981 terminer»,
286 2921 380 2985 inquit,
407 2937 451 2970 «ce
470 2937 518 2985 que
537 2928 596 2969 sont
614 2937 646 2968 en
665 2920 829 2970 elles-memes
848 2928 914 2968 cette
934 2919 1069 2967 attraction
1088 2928 1111 2967 et

124 3007 189 3049 cette
208 3009 351 3065 pesanteur,
371 3001 467 3066 quelles
486 3017 518 3049 en
537 3009 596 3050 sont
614 3002 651 3050 les
670 3017 770 3060 causes,
791 3017 820 3048 ce
839 3007 897 3048 sont
915 3001 962 3047 des
980 3000 1112 3063 questions

125 3096 173 3145 que
192 3097 256 3130 nous
274 3082 413 3145 regardons
431 3090 488 3130 tous
507 3097 604 3130 comme
623 3080 776 3140 insolubles,
803 3081 846 3144 qui
863 3096 896 3128 ne
915 3088 975 3128 sont
994 3078 1053 3143 plus
1078 3080 1111 3127 du

125 3161 241 3209 domaine
260 3162 292 3209 de
310 3161 335 3209 la
353 3162 514 3227 philosophie
534 3163 647 3226 positive,
667 3170 692 3209 et
711 3177 760 3225 que
773 3176 836 3208 nous
849 3160 1039 3208 abandonnons
1052 3176 1110 3209 avec

125 3241 209 3288 raison
228 3239 243 3287 ὲ
260 3240 442 3304 I'imagination
462 3243 507 3289 des
526 3241 691 3305 theologicus,
711 3257 745 3289 ou
763 3257 811 3288 aux
829 3239 955 3288 subtilites
974 3240 1022 3289 des
1037 3242 1110 3288 meni·

13 3329 37 3354 h
126 3317 295 3383 physiciens.»
318 3345 353 3352 -
372 3322 412 3367 De
430 3321 542 3383 periodis
561 3321 610 3369 illis
628 3321 685 3368 vide
704 3337 780 3385 supra
797 3337 823 3384 p.
846 3329 903 3380 117,
923 3328 977 3368 not.
