2350 3700
161 121 365 162 DEFINlTIONlS
386 125 422 162 ET
440 124 595 161 DIVISIONIS
615 123 701 160 NOTIO
720 123 920 161 DECLARATUR.
987 111 1031 160 181

60 269 135 325 tabet
144 271 243 340 reales,
266 273 285 330 i.
302 291 327 330 e.
343 273 384 330 ita
399 273 579 344 exsistentes,
602 281 754 346 tamquam
769 281 877 347 parteS,
898 282 930 330 ut
944 282 1037 331 totum

58 359 197 432 quoddam
221 360 357 420 efficiant
377 362 618 437 independenter
632 379 649 417 a
664 370 773 419 mente.
803 361 851 420 Sic
866 360 971 420 divisio
986 361 1037 420 ho-

56 446 133 505 minis
161 447 192 504 in
222 450 358 509 anirnam
392 461 422 508 et
453 469 561 525 corpus
596 450 642 507 vel
673 450 827 508 materiam
856 460 901 509 est
930 449 1035 509 divisio

54 537 146 609 realis,
167 536 242 596 item
265 539 372 598 divisio
393 539 508 598 arboris
528 539 559 596 in
580 556 687 610 ramos,
709 548 855 610 truncum,
877 539 1003 598 radices.

104 625 133 682 Si
146 637 261 701 parteS,
284 628 316 686 in
331 647 405 704 quas
420 631 452 686 fit
466 627 617 698 resolutio,
639 629 779 686 exsistant
790 635 824 686 at
835 645 881 686 ees
895 629 925 686 in
939 645 1036 686 rerum

51 722 164 784 natura,
187 716 301 777 divisio
322 719 408 776 realis
429 717 536 776 dicitur
557 716 689 792 physica,
711 727 809 792 partes
830 733 915 788 vero,
936 728 1036 792 partes

50 804 191 877 physicae.
222 806 310 865 Talis
330 817 374 866 est
395 807 500 865 divisio
522 805 651 864 hominis
671 805 702 864 in
724 805 854 864 animam
873 815 903 864 et
916 825 1033 882 corpus.

48 893 169 951 Partium
198 896 395 970 physicarum
424 896 533 971 duplex
561 893 736 970 praesertim
764 893 950 970 distinguitur
971 913 1035 970 spe·

48 980 108 1038 cies.
149 984 230 1041 Sunt
263 985 343 1043 enim
374 985 422 1042 vel
451 983 623 1043 essentiales
649 985 697 1042 vel
724 984 891 1059 integrales.
933 985 1034 1043 Partes

47 1072 198 1129 essentiales
222 1092 278 1132 seu
298 1076 491 1132 constitutivae
511 1092 564 1132 eae
585 1083 668 1144 sunt,
690 1073 754 1132 sine
777 1073 883 1148 quibus
903 1091 951 1132 res
971 1091 1033 1132 non

48 1159 214 1221 subsisteret
236 1164 270 1221 in
290 1163 412 1222 homine
434 1181 459 1222 e.
482 1181 510 1238 g.
531 1163 632 1221 anima
653 1172 683 1221 et
703 1179 826 1238 corpus,
855 1163 979 1221 materia
1004 1172 1034 1221 et

48 1246 143 1308 forma.
188 1253 298 1310 Partes
325 1271 398 1310 vero
425 1253 577 1325 integrales
603 1251 651 1310 vel
677 1253 851 1325 integrantes
877 1269 931 1310 eae
966 1261 1033 1309 sunt

28 1329 29 1353 l
48 1349 147 1410 partes,
171 1340 242 1399 sine
257 1341 365 1416 quibus
379 1359 426 1400 res
439 1341 574 1412 habetur,
596 1340 666 1399 licet
680 1339 716 1400 sit
730 1341 913 1416 imperfecta,
928 1358 1033 1398 manus

26 1377 66 1482 le.
85 1445 112 1501 g.
134 1431 187 1487 vel
209 1448 276 1506 pes,
297 1430 329 1487 in
349 1430 480 1490 homine.

26 1521 30 1631 p
99 1516 238 1589 Quodsi
260 1530 359 1595 partes
373 1537 436 1577 non
457 1529 525 1578 sunt
543 1519 601 1577 nisi
622 1521 706 1578 anius
726 1525 754 1574 et
772 1518 890 1576 eiusdem
910 1519 955 1575 rei
973 1537 1031 1576 can·

26 1612 129 1676 ceptus
149 1609 273 1678 diherst,
294 1609 367 1667 tales
388 1609 516 1681 scilicet,
537 1618 571 1667 ut
591 1625 692 1666 earum
713 1607 844 1666 rationes
865 1607 1031 1665 obiectivae

48 1691 98 1750 sint
130 1695 295 1757 distinctae
329 1708 361 1756 ut
394 1698 504 1773 gradus
537 1697 761 1772 metaphysici¹,
802 1695 907 1755 divisio
943 1695 1031 1755 realis

48 1781 149 1842 dicitur
170 1788 371 1865 metaphysica.
413 1786 495 1845 Talis
522 1797 567 1845 est
586 1786 693 1845 divisio
721 1784 877 1844 hominis
869 1804 900 1842 m
921 1784 1031 1844 animal

51 1882 77 1928 et
91 1874 249 1935 rationale.
292 1877 410 1936 Dicitur
430 1887 530 1935 autem
550 1877 627 1936 haec
654 1874 761 1935 divisio
788 1876 889 1946 realis,
918 1884 948 1934 et
968 1894 1031 1933 non

50 1959 147 2035 logica,
170 1964 246 2041 quia
267 1965 432 2025 animalitas
453 1976 484 2025 et
504 1965 703 2037 rationalitas,
726 1964 780 2025 etsi
800 1983 863 2024 non
884 1974 950 2024 sunt
971 1983 1032 2023 rea-

49 2047 106 2107 liter
125 2052 289 2113 distinctae
309 2055 340 2113 in
359 2055 490 2127 homine,
512 2056 544 2113 in
557 2056 647 2113 Petro
668 2073 694 2115 e.
709 2072 748 2130 g.,
770 2064 802 2113 ut
822 2072 869 2113 res
883 2054 1031 2128 quaedam

51 2144 242 2215 separabiles,
264 2144 318 2204 sed
339 2155 406 2204 sunt
427 2155 592 2220 conceptus
612 2144 722 2203 diversi
742 2142 827 2201 unius
848 2154 878 2202 et
899 2142 1031 2201 eiusdem

50 2226 170 2291 hominis
185 2234 276 2304 Petri,
298 2243 399 2292 tamen
419 2240 487 2292 runt
491 2241 595 2309 partes
608 2235 741 2293 essentiae
754 2233 874 2290 hominis
894 2233 1032 2291 abstracte

52 2320 244 2393 consideratae,
255 2324 495 2398 independentera
504 2330 602 2393 nante,
614 2340 651 2381 eo
662 2340 758 2394 sensu,
774 2320 856 2397 quod
866 2320 1032 2380 intellectus

52 2404 188 2469 humanus
220 2412 379 2471 essentiam
411 2412 491 2471 illam
518 2413 603 2471 aliter
630 2411 687 2471 sibi
716 2420 941 2486 repraesentare
968 2428 1031 2469 non

52 2507 149 2572 potest,
171 2501 231 2559 nisi
251 2500 297 2560 his
317 2502 432 2561 duabus
452 2501 530 2561 notis
551 2502 758 2577 compositam.

103 2588 218 2649 Divisio
240 2590 367 2665 proinde
388 2590 592 2667 metaphysica
610 2590 874 2667 comprehensionem
895 2588 1029 2648 idearum

53 2677 175 2750 respicit,
205 2680 281 2737 sicut
308 2678 442 2739 definitio
463 2681 564 2751 realis,
594 2680 685 2739 immo
713 2679 865 2738 ordinario
895 2676 1029 2737 definitio

52 2765 130 2823 realis
149 2787 214 2827 non
229 2769 314 2826 aliter
334 2769 366 2825 fit
379 2768 436 2827 nisi
457 2769 602 2828 divisione
616 2768 828 2845 metaphysica.
863 2770 916 2826 Est
930 2776 1028 2825 autem

52 2848 117 2912 haec
130 2857 239 2915 divisio
253 2857 466 2933 metaphysica,
481 2857 555 2917 sicut
569 2858 634 2933 ipsa
648 2857 790 2928 definiti0,
806 2857 853 2915 vel
865 2853 1028 2915 essentialis

54 2942 92 2997 vel
105 2945 306 3018 accidentalis,
328 2956 416 3023 prout
436 2946 516 3005 idem
529 2956 643 3005 resolvit
655 2946 686 3004 in
700 2955 785 3004 notas
800 2944 843 3004 rei
857 2962 1027 3021 repraesen-

53 3029 144 3093 tativas
163 3035 335 3093 essentiales
355 3036 403 3093 vel
424 3035 633 3096 accidentales.
677 3035 778 3108 Quare
799 3034 906 3093 dicitur
926 3052 1027 3109 saepe

31 3153 32 3162 κ
57 3135 167 3183 numero
188 3124 265 3182 haec
279 3124 385 3183 divisio
406 3127 610 3202 metaphysica
631 3135 763 3195 analysis.

56 3235 96 3244 x

108 3310 114 3341 ¹
133 3312 172 3363 cf.
192 3329 269 3379 supra
286 3331 312 3378 p.
335 3324 383 3377 145
403 3323 429 3364 et
450 3314 506 3374 146.
