2350 3700
98 138 244 174 NOTIONES
265 137 459 174 SUBSTANTlAE
478 138 514 173 ET
533 137 707 174 ACCIDENTIS
727 138 927 175 EVOLVUNTUR.
967 126 1014 174 261

35 286 119 357 acti0,
141 284 249 362 passi0,
272 284 331 355 ubi,
347 286 478 360 quand0,
501 286 580 357 situs,
602 285 727 344 habitus.
742 316 783 324 -
799 287 863 345 Iam
877 302 958 356 vero,
981 286 1020 343 ad

35 386 168 434 naturam
198 374 273 433 entis
300 374 418 449 penitus
453 373 695 450 perspiciendam
722 373 806 432 modi
832 372 874 431 illi
902 372 1020 433 essendi

34 462 198 523 accuratius
218 463 305 521 nobis
326 472 393 521 sunt
414 462 635 521 considerandi.

92 554 130 611 H.
153 551 274 627 Duplici
296 550 393 627 capite
414 551 563 610 dicemus:

96 662 121 699 1.
144 641 182 700 de
203 640 365 699 substantia
385 640 474 699 etde
495 640 652 699 accidente
673 639 854 715 generatim,

94 752 120 789 2.
143 730 182 788 de
204 729 371 806 praecipuis
391 729 568 804 quibusdam
590 728 794 787 accidentibus
815 728 978 805 speciatim.

455 910 564 969 Carus
586 928 605 969 1.

135 1034 206 1091 'DE
228 1033 484 1093 SUBSTANTIA
505 1034 560 1090 ET
580 1033 638 1090 DE
660 1031 900 1092 ACCIDENTE

394 1122 653 1181 GENERATIM.

425 1263 591 1311 Aarrcums
611 1275 628 1310 1.

300 1376 482 1425 notiones
502 1352 752 1427 uvotvourun.

65 1507 83 1573 ξ
109 1522 130 1558 1.
164 1510 315 1573 Quomodo
334 1522 417 1557 mens
435 1508 569 1557 notiones
590 1508 766 1557 substantiae
786 1515 814 1557 et
831 1506 986 1555 accidentis

328 1588 382 1637 sibi
402 1590 538 1647 efformet,
559 1587 723 1637 ostenditur.

94 1709 185 1769 Sensu
198 1712 298 1769 intimo
311 1712 350 1768 ad
365 1710 538 1769 affectiones
552 1721 668 1769 nostras
681 1710 812 1768 internas
825 1710 1021 1780 attendentes,

29 1803 115 1860 clare
136 1798 318 1876 percipimus
331 1800 395 1860 lieri
416 1800 447 1858 in
461 1799 558 1874 nobis,
579 1810 609 1858 et
629 1800 790 1859 maximam
810 1809 926 1876 partem
940 1818 958 1857 a
971 1816 1022 1858 no·

29 1892 87 1961 bis,
112 1890 218 1948 multas
237 1891 488 1950 modificationes:
512 1890 661 1962 sentimus
684 1889 889 1965 intellegimus,
912 1889 1024 1965 appeti·

27 1998 116 2050 muS,
147 1981 301 2052 volumus,
332 1979 496 2052 tristamur,
527 1977 705 2055 gaudemus,
736 1979 842 2038 dolore
869 1978 1022 2048 afficimur,

28 2071 227 2140 delectamur,
251 2069 309 2126 alia
322 2067 491 2128 huiusmodi
512 2068 640 2144 patimur
653 2069 701 2126 vel
715 2067 837 2143 agimus.
872 2067 1021 2126 Dicimus:

26 2177 90 2235 ego
114 2158 220 2229 sentio,
243 2176 301 2233 ego
322 2158 431 2235 cogito,
454 2176 512 2233 ego
533 2158 638 2216 dolore
660 2157 782 2228 afficior,
805 2167 860 2215 etc.

20 2269 23 2322 l
94 2247 288 2306 Sensationes
302 2247 383 2320 item,
399 2246 603 2323 cogitationes,
619 2247 747 2318 dolores,
770 2246 911 2304 sentimus
929 2247 1024 2304 venire

20 2327 57 2400 iet
75 2339 222 2408 transire
243 2336 315 2396 illud
336 2349 435 2396 autern
450 2353 516 2412 eg0,
539 2336 622 2411 quod
643 2334 732 2394 sentit
752 2346 782 2394 et
803 2334 922 2410 cogitat,
944 2337 1023 2393 clare

20 2425 217 2504 {percipimus
238 2427 310 2483 idem
329 2435 437 2502 semper
450 2435 621 2502 permanere
641 2425 695 2484 sub
717 2423 855 2483 omnibus
875 2423 1025 2483 modifica·

24 2514 174 2585 tionibus
190 2532 267 2589 quae
282 2514 313 2572 in
327 2515 414 2574 nobis
428 2516 509 2572 fiunt.
541 2517 608 2589 Ego
622 2513 673 2588 qui
687 2514 780 2572 modo
794 2513 898 2585 senti0,
915 2513 1023 2588 cogit0,

20 2607 117 2675 volo,
146 2621 212 2662 sum
233 2605 282 2662 ille
302 2604 383 2664 idem
406 2603 457 2679 qui
477 2603 656 2674 sentiebam,
679 2603 863 2678 cogitabam,
885 2602 1023 2660 volebam

24 2693 107 2763 heri,
131 2693 250 2764 decem,
271 2691 375 2768 viginti
395 2693 505 2751 abhinc
526 2694 621 2750 aunis

92 2781 281 2857 Percipimus
301 2781 429 2858 proinde
451 2781 481 2839 in
498 2781 585 2840 nobis
601 2780 712 2857 aliquid
733 2779 814 2839 idem
828 2798 946 2856 semper
960 2798 1025 2855 per-

22 2889 161 2930 manens
189 2870 308 2930 realiter
335 2869 505 2952 distinctum
531 2889 549 2927 a
576 2868 860 2940 modificationibus,
889 2887 965 2944 quae
994 2869 1025 2928 iu

20 2959 121 3020 nobis
152 2962 233 3018 fiunt.
276 2960 352 3019 illud
374 2959 467 3032 enim,
497 2959 579 3034 quod
607 2957 710 3016 transit
738 2968 767 3018 et
794 2968 936 3031 mutatur,
963 2975 1025 3016 non

20 3059 133 3126 potest
149 3067 215 3108 esse
229 3049 310 3108 idem
328 3068 361 3109 re
377 3068 411 3107 ac
429 3049 510 3120 illud,
533 3048 616 3123 quod
632 3046 712 3105 idem
726 3065 846 3122 semper
859 3058 1024 3123 permanet.

92 3138 339 3198 Modificationes
355 3155 427 3197 vero
450 3137 517 3196 illae
539 3146 724 3196 transeuntes
744 3135 865 3212 insuper
884 3135 1026 3194 sentimus

20 3246 140 3286 revera
161 3227 249 3286 nobis
269 3228 427 3296 inhaerere,
450 3225 481 3282 iu
501 3225 590 3284 nobis
612 3225 760 3295 exsistere,
782 3225 823 3281 ita
843 3233 875 3280 ut
892 3223 1025 3283 dicamus

22 3335 121 3376 «mea
137 3316 311 3392 cogitatio»,
337 3333 437 3374 «meus
452 3314 556 3373 dolor»
580 3323 636 3370 etc.
668 3312 745 3368 Illud
767 3328 858 3385 «ego»
883 3309 1025 3367 sentimus
