2350 3700
129 96 164 144 60
531 104 714 143 orsnscttcs.
774 142 779 150 ,

126 253 224 315 versio
237 254 477 331 propositionum
491 252 645 312 delinitur:
667 254 848 329 trompositro
860 253 987 312 suborti
1005 257 1041 307 et
1055 256 1145 324 proe-

129 344 216 402 ol'coti
234 344 353 401 alicuius
367 343 578 420 propositiones,
601 350 716 401 seruato
735 345 861 401 om'tote.
931 407 936 412 ,

189 463 215 501 2.
238 444 273 501 In
294 460 382 501 sensu
397 442 584 518 proprietatis
604 440 745 500 relativae
766 440 933 499 exsistentis
953 439 1050 497 inter
1073 456 1143 513 pro

127 530 291 607 positiones
312 550 480 602 conversas,
502 541 534 590 et
552 540 624 589 tunc
644 529 798 589 definitiu:
814 530 986 606 proprietas
1005 528 1142 585 relation

127 622 250 679 duorum
265 622 506 697 propositionum,
534 638 657 695 quorum
677 620 770 677 altero
790 621 885 677 oritur
903 636 941 676 ex
969 617 1140 693 tramposi·

129 710 203 768 tione
222 710 336 769 nebiecti
354 716 383 766 et
394 710 565 785 praedicati,
586 715 703 767 servato
721 709 848 766 veritate.

188 807 371 884 Propositi0,
400 808 431 865 in
453 826 512 883 qua
533 808 565 865 fit
584 806 754 865 huiusmodi
773 805 984 881 transpositio,
1019 804 1139 864 dicitur

128 896 294 973 propositio
308 897 510 967 convertendas
524 894 691 973 propositio
705 914 778 954 vero
787 914 825 954 ex
834 894 1042 954 conversione
1054 904 1136 964 orta,

130 1004 269 1045 conuerso.

189 1086 283 1143 Porro
304 1083 508 1160 quadruplicis
529 1083 649 1159 generis
665 1082 853 1159 distinguitur
867 1081 1043 1159 propositio
1059 1100 1134 1140 con·

128 1174 288 1233 vertenda:

193 1282 216 1322 1.
239 1262 423 1322 Universalis
444 1263 605 1334 affirmans,
627 1280 704 1338 quae
726 1261 898 1340 designatur
917 1261 1022 1320 littera
1043 1262 1085 1319 Α.
1170 1314 1172 1320 .

192 1372 217 1411 a.
241 1352 426 1411 Universalis
447 1370 570 1427 negans,
593 1370 671 1428 quae
692 1349 864 1426 designatur
883 1350 981 1409 littera
1003 1352 1044 1409 E.

190 1460 217 1514 3.
240 1440 429 1499 Particularis
450 1441 610 1512 affirmans,
632 1458 709 1516 quae
731 1439 903 1515 designatur
922 1440 1025 1497 littera
1047 1442 1071 1497 L
1170 1454 1172 1475 ¹

190 1549 217 1602 4.
239 1529 426 1589 Particularis
447 1548 570 1605 negans,
593 1548 671 1605 quae
691 1528 864 1605 designatur
883 1528 982 1587 littera
1003 1529 1046 1587 Ο.

132 1618 223 1691 Quod
245 1619 417 1695 exprimitur
436 1619 599 1678 versiculo:

291 1751 390 1801 Asserit
409 1752 440 1813 A,
460 1757 537 1817 negat
555 1751 584 1811 E,
605 1767 691 1800 verum
710 1750 862 1815 generaliter
879 1750 965 1799 ambo.

291 1832 389 1882 Asserit
408 1832 426 1893 1,
447 1840 524 1898 neget
543 1832 574 1892 O,
594 1832 641 1881 sed
658 1831 842 1896 particulariter
860 1831 944 1880 ambo.

190 1964 281 2023 Ratio
291 1975 414 2040 propter
424 1983 522 2040 quam,
538 1966 704 2040 generatim
713 1965 876 2040 loquendo,
889 1964 1124 2024 conversionem

130 2053 367 2129 propositionum
387 2054 451 2112 fieri
472 2072 559 2130 posse
581 2054 770 2125 admittimus,
796 2054 828 2112 in
848 2071 886 2112 eo
907 2064 960 2126 est,
985 2055 1071 2129 quod
1091 2054 1123 2112 in

131 2141 213 2200 omni
244 2142 447 2202 enuntiatione
477 2143 609 2201 identitas
638 2144 800 2202 affirmatur
827 2143 905 2202 inter
934 2142 1065 2202 subiecti
1093 2153 1123 2201 et

130 2231 293 2306 praedicati
321 2232 478 2303 inferiora,
506 2233 531 2291 si
558 2250 621 2291 non
649 2232 765 2305 omnia,
794 2244 825 2291 at
848 2234 953 2291 saltem
973 2233 1122 2305 nonnulla

131 2316 189 2394 (vel
209 2315 312 2396 unum)
326 2323 344 2379 ¹.

164 2513 182 2580 ἓ
201 2529 225 2565 2.
257 2517 382 2579 Regulae
401 2518 431 2566 in
450 2519 647 2567 convertendis
665 2519 904 2582 propositionibus
923 2519 1091 2568 servandae.

109 2672 113 2680 =
191 2650 212 2706 Ι.
235 2650 352 2724 Regula
369 2650 512 2722 generalis
532 2660 591 2708 est:
613 2649 724 2709 Nullus
743 2653 879 2708 terniones
897 2651 985 2707 latius
1008 2645 1121 2725 (quoad

130 2734 346 2812 extensionem)
367 2747 498 2796 sonatur
517 2739 548 2796 in
563 2758 701 2798 ‘toreama
720 2759 805 2816 qnam
825 2741 856 2797 in
875 2739 1075 2807 conuertenda,
1096 2744 1122 2794 et

129 2835 237 2903 semper
255 2835 385 2886 seruetur
404 2828 435 2885 in
455 2835 576 2903 utroque
596 2831 691 2887 eadem
711 2831 841 2904 qualitor.
885 2827 1030 2904 Alioquin
1058 2846 1118 2886 non

130 2917 248 2975 adesset
268 2916 421 2988 identitas,
451 2918 490 2976 de
511 2936 571 2993 qua
592 2937 680 2993 supra
701 2917 841 2988 diximus,
867 2936 969 2993 neque
989 2918 1117 2994 proinde

130 3005 241 3063 servari
262 3016 362 3079 posset
383 3005 499 3064 veritas.

193 3212 202 3242 ¹
221 3214 367 3261 Recolenda
386 3222 444 3262 sunt
463 3230 507 3274 ea,
527 3231 592 3279 quae
611 3233 686 3280 supra
707 3214 742 3281 (p.
766 3216 812 3281 38)
832 3220 865 3265 de
883 3221 1023 3268 extensione
1049 3235 1118 3283 prae·

28 3341 31 3346 ,
132 3293 209 3340 dicati
228 3292 254 3340 in
273 3292 447 3356 propositione
467 3293 615 3343 affimativa
633 3304 659 3343 et
676 3298 795 3360 negativa
813 3298 880 3345 dieta
898 3306 964 3346 sunt.
