2350 3700
89 99 141 149 374
283 99 321 135 na
341 99 440 135 cavsrs
459 98 600 135 summus
620 98 717 134 nuum
737 98 888 134 conponat.

87 264 149 305 non
169 247 266 305 solum
286 265 359 305 vera
378 263 442 304 esse
462 248 655 321 profitentur,
683 245 738 303 sed
764 245 856 305 etiam
883 246 1027 304 sufficere
1049 245 1089 303 ad

86 337 188 394 ultima
194 336 340 412 principia
353 352 514 411 corporum
529 334 718 411 constitutiva
731 334 920 410 explicanda.
950 334 1089 393 Proinde

86 425 127 483 ad
147 444 211 484 rem
232 425 317 484 altius
338 424 583 500 perscrutandam
604 423 737 481 animum
757 442 820 482 non
841 424 1010 483 adducunt.

314 608 332 675 ξ
351 624 375 674 3.
406 612 676 674 Hylemorphismus
695 611 851 674 exponitur.

147 741 170 797 Ι.
191 738 243 796 Dc
262 740 368 815 duplici
384 740 510 815 corporis
525 740 616 796 omnis
630 739 761 796 clamata
774 738 958 797 canstt‘tutzba.
979 768 1017 777 -
1036 740 1088 797 Se-

88 828 219 887 cundum
240 828 409 887 doctrinam
429 828 637 887 scholasticam
654 844 762 903 corpus
777 845 866 885 omne
881 824 997 901 duplici
1014 846 1089 886 con·
1160 876 1161 901 ,

88 916 213 976 stituitur
240 912 389 993 principio
417 916 617 976 substantiali:
648 918 773 977 materia
794 918 894 993 prima
922 926 953 975 et
982 917 1088 975 forma
1160 940 1161 1007 q

88 1006 281 1065 substantiali.

147 1105 280 1163 Materia
294 1094 396 1181 prima
414 1115 460 1163 est
479 1105 658 1164 substratum
679 1102 834 1179 quoddam
854 1122 890 1161 ex
910 1123 939 1161 se
965 1105 1088 1163 omnino

87 1194 344 1264 indeterminatum,
364 1195 443 1270 quod
459 1195 531 1253 idem
552 1195 643 1251 estin
663 1195 789 1251 omnibus
810 1194 971 1269 corporibus
986 1194 1086 1251 idem·
1160 1198 1161 1245 ἶ

89 1301 147 1359 que
181 1282 374 1359 quantitative
409 1302 528 1359 semper
561 1293 719 1359 permanet
752 1283 806 1341 sub
841 1283 980 1341 omnibus
1016 1302 1085 1341 cor·
1160 1322 1161 1333 ,

89 1391 196 1449 porum
230 1373 556 1444 transformationibus,
592 1371 675 1447 quod
708 1372 741 1430 in
775 1390 807 1431 se
840 1374 954 1431 nullam
987 1372 1086 1431 habet
1160 1420 1161 1455 3

89 1480 127 1521 ex
153 1462 188 1520 iis
216 1462 528 1534 determinationibus,
557 1480 632 1537 quas
659 1461 690 1520 in
716 1462 892 1538 corporibus
913 1462 1086 1539 deprehen·
1160 1506 1161 1515 ,

89 1551 194 1623 dimus,
216 1552 269 1610 sed
290 1562 392 1611 tamen
413 1559 454 1609 est
472 1554 503 1610 in
518 1554 648 1627 patentia
664 1552 816 1627 recaptandi
827 1554 1085 1629 qualemcumque
1160 1566 1161 1617 l

89 1640 188 1699 exiis

148 1740 259 1797 Forma
273 1741 467 1798 substantialis
480 1750 526 1799 est
542 1740 648 1799 entitas
669 1738 728 1810 illa,
749 1741 797 1799 vel
819 1740 1084 1817 comprincipium,

89 1847 151 1905 quo
171 1828 296 1888 materia
316 1829 413 1906 prima
433 1848 523 1889 exse
551 1830 590 1888 ad
618 1829 710 1888 multa
737 1828 912 1890 indifferens
943 1829 1087 1890 determi-

89 1929 184 1990 natur,
207 1929 239 1978 ut
258 1920 296 1978 sit
315 1919 381 1978 talis
401 1921 450 1978 vel
471 1919 656 2000 talis-actus,
681 1918 720 1977 ad
741 1937 832 1999 quem
851 1938 917 1977 non
938 1931 1003 1979 erat
1024 1920 1086 1978 nisi

89 2007 121 2064 in
142 2008 284 2084 potentia.

151 2107 200 2165 Sic
220 2106 252 2164 in
273 2126 351 2182 aqua
378 2107 565 2183 distinguitur
592 2109 769 2167 substratum
797 2095 967 2184 quoddam,
998 2110 1085 2184 quod
1160 2173 1161 2188 ἶ

90 2206 189 2270 potest
210 2215 274 2257 esse
295 2215 388 2272 aqua,
418 2198 612 2273 oxygenium,
635 2198 869 2273 hydrogenium,
892 2197 951 2255 alia
971 2199 1083 2271 multa3
1160 2215 1161 2225 ¹

91 2296 122 2345 et
141 2285 247 2344 entitas
267 2286 315 2344 vel
337 2297 428 2358 actuS,
451 2305 512 2362 quo
533 2289 577 2359 fit,
600 2297 632 2344 ut
652 2287 830 2346 substratum
850 2286 924 2345 illud
944 2286 982 2344 sit
1003 2306 1084 2362 aqua
1160 2295 1161 2312 ³

89 2393 189 2450 neque
209 2375 436 2452 hydrogenium,
458 2377 507 2434 vel
528 2375 717 2452 oxygonium,
739 2376 788 2436 vel
809 2375 891 2434 aliud
907 2375 1083 2452 quicquam.
1160 2431 1161 2464 ,

151 2474 220 2547 Qua
240 2474 459 2550 compositione
487 2492 524 2532 ex
550 2474 683 2550 partibus
711 2474 858 2532 essentiae
886 2473 1087 2534 constitutivis

90 2563 254 2623 substantia
274 2582 421 2639 corporea
442 2563 629 2639 distinguitur
650 2583 668 2621 a
689 2563 858 2621 substantiis
872 2563 1087 2640 spiritualibus,

91 2674 109 2712 a
130 2653 296 2730 spiritibus,
326 2654 377 2729 qui
398 2663 465 2712 sunt
485 2664 568 2711 actus
588 2655 637 2711 vel
658 2654 772 2711 formae
794 2653 942 2711 immunes
963 2673 982 2710 a
1004 2673 1088 2712 com·

91 2743 240 2819 positione
260 2761 297 2801 ex
317 2742 452 2818 potentia
471 2742 522 2800 illa
542 2741 706 2800 subiectiva
726 2741 893 2817 receptiva,
927 2753 1015 2800 «sunt
1043 2743 1089 2800 in·
1160 2815 1161 2830 ,

91 2832 219 2891 trinsece
247 2832 486 2908 independentes
514 2851 533 2890 a
559 2832 713 2891 materia».
755 2833 845 2889 Tales
875 2841 943 2888 sunt
973 2833 1087 2906 angeli,

88 2920 180 2982 >talem
208 2921 298 2981 etiam
325 2921 357 2979 in
384 2922 615 2997 anthropologia
643 2921 834 2980 ostendemus
855 2937 919 2980 esse
949 2920 1088 2979 animam

91 3014 260 3068 humanam.
302 3012 427 3068 Habent
453 3011 576 3084 quidem
605 3012 719 3068 formae
747 3009 815 3068 illae
836 3019 955 3068 creatae
977 3019 1089 3085 poten·

91 3097 162 3151 tiam
192 3095 353 3153 admixtam
383 3115 420 3155 eo
448 3115 551 3165 sensu,
584 3099 668 3170 quod
698 3099 735 3156 de
766 3097 902 3174 potentia
932 3098 1089 3158 obiectiva
1160 3087 1161 3126 ³

91 3179 267 3235 transierunt
287 3183 446 3240 adactum
467 3184 622 3256 essentiae,
644 3186 692 3244 vel
713 3186 803 3244 etiam
825 3204 862 3245 eo
877 3205 975 3258 sensu,
999 3189 1087 3262 quod

91 3279 127 3315 ex
147 3272 215 3316 actu
235 3266 353 3321 essendi
373 3269 413 3324 ad
432 3271 597 3342 potentiam
619 3273 780 3331 oblectabam
797 3277 845 3333 vel
860 3293 976 3334 meram
990 3279 1086 3352 possi·
