2350 3700
126 108 159 157 62
527 120 706 157 ninincrrcn.

185 269 237 325 Ill.
268 267 435 343 Propositio
455 246 644 343 particularis
665 287 771 341 negaras
791 269 980 324 conversionis
993 269 1118 343 proprie

125 358 213 415 dictae
234 351 275 431 (in
302 374 362 431 qua
382 366 536 415 servantur
556 355 638 415 idem
659 355 823 415 subiectum
844 366 875 413 et
894 354 977 414 idem
997 355 1119 431 praedi·
1172 371 1174 391 ³

126 438 235 520 catum)
265 464 359 521 capax
387 464 450 504 non
480 457 532 505 est.
564 446 682 520 Regula
702 444 784 503 enim
803 445 967 520 generalis:
1000 444 1117 501 «nullus

511 534 654 593 terminus
663 534 748 593 latius
758 543 915 604 sumatur»,
928 532 1045 592 servari
1053 552 1116 591 non

511 634 620 699 posset.
657 624 692 681 E.
720 641 748 698 g.
781 622 904 698 «aliquis
929 622 1024 682 homo
1054 640 1116 679 non

512 722 557 771 est
586 711 722 788 sapiens»
756 712 891 771 converti
920 729 984 771 non
1013 722 1117 787 potest

512 819 612 876 neque
632 801 664 858 in
678 799 929 877 propositionem:
951 801 1054 859 nullus
1075 820 1117 859 sa·

511 889 598 965 piens
625 899 670 948 est
698 890 806 961 homo,
838 907 938 964 neque
965 888 997 948 in
1026 889 1116 965 parti·

512 980 657 1037 cularem:
689 978 795 1055 aliquis
824 978 944 1055 sapiens
974 996 1040 1037 non
1071 987 1117 1037 est

511 1067 620 1142 hom03
647 1066 678 1125 in
699 1077 828 1144 utroque
852 1068 933 1126 enim
961 1086 1034 1126 casu
1060 1076 1116 1126 ter-

125 1156 222 1216 minus
239 1158 364 1215 «homo»
381 1156 466 1215 latius
481 1166 645 1215 sumeretur
660 1156 692 1214 in
713 1174 858 1216 conversa
879 1175 969 1233 quam
990 1157 1022 1215 in
1045 1175 1118 1215 con-

126 1246 278 1305 vertenda.
314 1247 385 1304 Hoc
406 1245 486 1304 idern
508 1264 544 1304 ex
565 1247 613 1321 lig.
636 1267 654 1320 9
676 1246 756 1304 clare
777 1236 909 1323 apparet.
946 1246 1010 1305 Etsi
1031 1246 1118 1305 enim
1172 1309 1174 1319 ,

125 1335 176 1405 illi,
199 1335 249 1410 qui
270 1346 338 1393 sunt
358 1335 389 1393 in
409 1345 494 1411 parte
512 1336 581 1393 alba
595 1333 775 1394 extensionis
788 1334 875 1395 ideae
889 1335 1026 1407 hominis,
1051 1354 1118 1395 non

125 1436 192 1483 sunt
212 1423 335 1484 identici
356 1442 424 1482 cum
445 1423 627 1500 sapientibus
641 1425 827 1499 quibusdam,
849 1436 950 1484 tamen
973 1424 1024 1501 qui
1047 1438 1118 1485 sunt

126 1512 156 1572 in
184 1524 268 1590 parte
296 1512 396 1589 nigra,
425 1532 493 1572 cum
520 1513 577 1572 illis
605 1523 673 1571 sunt
692 1513 832 1588 identici3
859 1514 988 1590 proinde
1015 1525 1116 1574 stante
1172 1529 1174 1580 ῗ

126 1602 225 1679 priore
248 1602 453 1679 propositione
474 1602 533 1661 dici
556 1620 619 1661 non
646 1611 744 1678 potest
774 1604 900 1675 «nullus,
928 1603 977 1662 vel
1005 1604 1116 1680 aliquis

126 1692 244 1768 sapiens
265 1709 327 1750 non
348 1702 393 1751 est
412 1691 521 1751 homo»
537 1694 553 1750 ¹.

286 652 337 900 -urrnttllllllllllltttnav

272 1028 320 1078 rig.
337 1042 356 1080 9.

1167 1768 1174 1901 l

188 1904 264 1956 ¹Pro
282 1905 427 1971 particulari
446 1914 556 1971 negante
575 1905 653 1970 logici
671 1905 798 1970 quandam
823 1905 985 1971 impropriam
1012 1922 1117 1956 conver·
1166 1910 1174 1921 '

126 1986 206 2036 sionis
219 1986 341 2036 rationem
354 1987 536 2051 excogitarunt,
553 2001 626 2050 quae,
643 2002 700 2036 cum
713 1987 744 2034 sit
756 1985 987 2050 complicatissima,
1002 1987 1028 2034 in
1041 1988 1116 2052 praxi

126 2067 168 2115 vix
186 2066 262 2115 ullius
278 2076 317 2115 est
328 2066 456 2116 momenti.
483 2066 606 2116 Consistit
619 2075 702 2115 autem
714 2067 778 2116 haec
791 2067 922 2116 conversio
935 2067 962 2114 in
975 2083 1014 2127 eo,
1034 2069 1115 2132 quod,

127 2155 225 2200 servata
242 2146 383 2211 quantitate
401 2155 427 2195 et
445 2147 565 2211 qualitate
583 2147 777 2212 propositionis,
803 2146 944 2196 subiectum
966 2156 992 2197 et
1017 2149 1117 2213 praedi·
1172 2158 1173 2187 ἐ

127 2237 210 2277 catum
229 2235 356 2276 mutantur
367 2227 393 2275 in
407 2227 526 2276 terminos
540 2227 685 2276 indefinitos
698 2224 734 2291 (p.
749 2223 804 2291 30).
830 2227 859 2275 E.
873 2244 897 2292 g.
915 2226 1021 2292 «aliquis
1037 2228 1118 2276 homo
1172 2218 1174 2285 l

127 2323 178 2356 non
198 2315 237 2356 est
255 2307 369 2372 sapiens;
389 2307 477 2371 aliquis
496 2322 548 2355 non
568 2308 670 2373 sapiens
689 2322 741 2356 non
754 2315 793 2356 est
806 2322 857 2355 non
870 2307 961 2356 homo»
979 2325 1013 2351 =
1026 2308 1119 2373 aliquis
1172 2324 1173 2335 ¹

127 2402 179 2436 non
198 2388 299 2452 sapiens
325 2396 364 2436 est
388 2387 465 2437 homo
486 2385 539 2452 (fig.
560 2384 596 2452 9).
635 2387 676 2437 Sic
701 2389 777 2436 etiam
803 2387 941 2452 propositio
967 2389 1118 2438 universalis
1172 2394 1174 2473 Ι

127 2468 253 2518 affirmans
273 2468 385 2518 converti
403 2476 493 2533 potest.
520 2468 549 2517 E.
563 2485 587 2532 g.
612 2468 707 2516 «omnis
725 2468 767 2517 leo
786 2476 825 2516 est
843 2467 948 2528 auimal;
969 2484 1044 2519 omne
1064 2484 1118 2518 non

126 2548 218 2598 animal
244 2559 282 2599 est
301 2564 354 2598 non
372 2548 427 2598 leo»
452 2545 507 2612 (fig.
528 2544 566 2612 8).
604 2548 680 2614 Hanc
698 2549 861 2613 impropriam
886 2549 1053 2598 convertendi
1079 2566 1116 2597 ra·
1172 2538 1173 2543 ¹

126 2631 220 2680 tionem
239 2630 429 2679 conversionem
447 2637 539 2679 vocant
557 2644 604 2693 per
621 2631 853 2693 contrapositionem.
1172 2632 1173 2635 ’

185 2711 239 2759 lam
257 2727 317 2760 vero
336 2709 357 2758 si
374 2711 504 2772 simplicem
525 2724 643 2758 vocamus
669 2709 857 2760 conversionem
882 2710 984 2774 proprie
1009 2709 1112 2767 dictam,
1172 2698 1173 2789 l

125 2793 151 2840 in
170 2807 220 2856 qua
238 2790 363 2856 quantitas
382 2789 562 2854 propositionis
575 2799 695 2850 servatur,
709 2797 759 2854 per
775 2791 883 2840 accidens
901 2805 969 2850 vero,
989 2790 1065 2851 illam,
1087 2791 1114 2838 in
1172 2812 1173 2815 ¹

126 2887 175 2936 qua
192 2869 376 2936 propositionis
395 2868 521 2934 quantitas
540 2869 572 2918 ab
591 2869 728 2918 universali
747 2871 773 2918 in
794 2869 970 2934 particularem
994 2879 1112 2932 mutatur,
1172 2866 1173 2933 J

126 2965 214 2998 omnes
248 2949 376 3014 legitimae
410 2949 581 2998 conversionis
618 2951 719 3014 regulae
756 2950 807 2999 hoc
843 2950 968 2999 versiculo
1005 2953 1112 3015 exprimi

125 3036 246 3093 possunt:

269 3143 424 3207 Simpliciter
442 3144 516 3194 fEcI
535 3147 696 3206 convertitur,
716 3148 787 3196 EvA
804 3161 850 3212 per
869 3148 958 3209 accid.,

269 3223 316 3270 Ast
335 3221 358 3268 O
378 3237 424 3285 per
443 3231 568 3287 contrap.;
589 3226 625 3274 sic
643 3225 671 3273 fit
689 3227 821 3277 conversio
840 3235 900 3277 tota.
