2350 3700
384 142 423 177 DE
442 141 718 179 TRADITIONALISMO.
992 140 1041 190 123

102 287 169 345 Hic
202 288 355 348 rationem
384 291 544 348 humanam
579 289 690 348 lumine
719 290 845 347 naturali
879 308 980 348 veram
1014 300 1045 348 et

43 377 169 451 proprie
216 378 332 437 dictam
373 378 580 437 certitudinem
622 378 778 453 acquirere
816 398 906 454 posse
944 390 1042 454 negat.

42 466 180 542 Propriis
212 470 296 527 enirn
321 468 433 527 viribus
453 467 573 527 nonnisi
602 469 641 527 ad
661 470 932 526 verisimilitudinem
953 486 1044 542 quan·

43 556 113 613 darn
135 558 189 615 vel
198 559 435 633 probabilitatem
456 576 609 633 assurgere
622 567 728 633 potest.
763 559 931 617 Perfectum
944 568 1043 616 autem

43 644 265 705 certitudinem
286 648 361 706 fides
375 656 537 721 comparat,
560 646 729 722 supplendo
744 666 788 719 ea,
811 666 888 723 quae
909 664 946 705 ex
959 656 1044 724 parte

43 734 152 792 virium
175 736 361 794 naturalium
383 736 488 795 desint.

103 826 143 883 11.
181 826 457 884 Traditianalismus
479 828 602 902 proprie
627 826 731 894 (dctus,
760 825 813 900 qui
839 824 1043 885 auctoritatem

46 914 124 971 illam
135 913 319 973 immediate
333 916 364 973 in
378 916 556 986 hominibus,
572 914 746 990 praesertim
760 934 832 974 vero
847 915 878 972 in
892 915 1043 985 societate,

47 1003 268 1078 inquirendam
282 1023 345 1063 esse
360 1004 458 1063 docet.
493 1006 548 1063 Est
561 1004 650 1075 enim,
672 1004 751 1062 iuxta
764 1005 843 1063 hanc
856 1004 1043 1076 sententiam,

49 1090 178 1151 societas
201 1114 222 1151 a
244 1104 349 1152 natura
369 1093 507 1165 instituta,
529 1103 561 1151 ut
581 1093 719 1151 veritates
739 1110 853 1165 omnes,
876 1112 949 1169 quas
963 1096 1045 1152 Deus

18 1178 24 1189 ’
51 1182 152 1256 primis
175 1182 352 1241 hominibus
373 1182 557 1252 revelaverit,
580 1192 610 1241 et
623 1183 751 1241 morales
772 1192 802 1241 et
815 1182 1043 1258 metaphysicas,

51 1272 179 1347 posteris
201 1272 311 1330 tradat.

106 1360 374 1419 Traditionalistas
383 1378 455 1419 vero
465 1360 649 1436 distinguunt
659 1360 771 1436 rigidos
781 1370 810 1419 et
819 1361 1043 1420 moderatiores.

111 1470 137 1508 1.
161 1450 270 1523 Rigidi
288 1449 530 1507 traditionalistae
551 1450 756 1509 auctoritatem
775 1450 855 1508 illam
869 1460 930 1508 tam
944 1468 1046 1509 neces·

53 1537 160 1595 sariam
188 1557 255 1597 esse
284 1538 484 1610 contendunt,
514 1547 545 1595 ut
565 1540 647 1596 nulla
667 1539 791 1597 omnino
813 1539 959 1598 certitudo
981 1539 1044 1598 sine

52 1627 108 1685 fide
131 1646 200 1687 esse
215 1628 318 1703 possit.
353 1627 450 1687 Huius
472 1628 637 1687 sententiae
654 1629 784 1687 fautores
797 1640 864 1687 sunt
878 1630 912 1686 de
925 1629 1045 1686 Lamen-

53 1718 117 1774 nais
131 1712 330 1792 (Mennesius)
345 1728 375 1776 et
388 1717 422 1774 a'e
435 1718 560 1786 Bauala',
576 1717 628 1793 qui
641 1728 743 1776 tamen
756 1718 898 1791 dr'fferma
909 1720 941 1775 iu
954 1718 1044 1786 mado,

54 1824 113 1880 quo
135 1808 308 1866 doctrinam
328 1824 411 1866 suam
432 1807 582 1885 explicare
602 1807 650 1866 vel
670 1808 787 1866 firmare
809 1817 963 1866 conantur.

113 1899 203 1954 iuxta
239 1897 273 1954 de
301 1897 474 1955 Lamermais
507 1897 587 1954 enim
625 1891 656 1971 (†
689 1893 775 1973 1854)
809 1897 918 1972 duplex
945 1896 1045 1954 distin·

56 1986 178 2060 guenda
206 1995 251 2044 est
277 1986 368 2044 ratio:
396 1985 584 2044 individualis
612 1986 725 2045 scilicet
753 1996 783 2045 et
810 1985 958 2062 generalis
986 1981 1045 2059 (da

57 2075 159 2134 raison
177 2070 356 2151 generaletl.
393 2074 610 2134 Individualem
624 2075 771 2134 rationem
786 2076 876 2134 docet
890 2077 985 2134 solum
1007 2076 1045 2134 ad

58 2165 256 2222 dubitandum
271 2183 334 2223 esse
349 2164 499 2236 idoneam,
521 2165 706 2224 certitudinis
719 2176 818 2224 autem
833 2165 929 2224 omnis
944 2165 1046 2223 funda·

58 2265 190 2313 mentum
212 2255 259 2312 vel
280 2253 424 2313 motivum
445 2273 510 2312 esse
530 2254 630 2326 fidem,
653 2254 734 2313 cuius
748 2254 823 2312 ratio
838 2253 985 2330 generalis
998 2255 1046 2313 vel

59 2363 221 2403 consensus
231 2344 349 2419 generis
358 2344 480 2402 humani
490 2345 526 2402 sit
534 2343 624 2402 unica
634 2362 730 2419 eaque
739 2343 901 2402 infallibilis
915 2344 1017 2419 regula
1029 2344 1046 2402 ¹.

60 2534 150 2594 ficatio,
170 2550 246 2598 quam
266 2548 322 2581 cum
341 2533 434 2582 alicubi
454 2534 675 2599 deprehendimus,
696 2534 756 2583 illuc
775 2533 858 2582 inesse
878 2533 982 2581 dicimus
995 2549 1047 2581 non

59 2616 196 2674 veritatem,
217 2629 275 2662 cum
293 2614 320 2661 in
338 2614 413 2663 rebus
426 2615 496 2662 falsis
509 2615 598 2663 eadem
612 2622 726 2664 occurrat
739 2629 927 2678 nonnumquam
940 2613 1046 2677 species,

61 2696 104 2743 sed
115 2695 353 2744 munimilitudinem
366 2703 391 2743 et
397 2696 602 2758 probabilitatem.
615 2734 619 2744 .
635 2734 640 2743 .
656 2734 661 2743 .
684 2695 722 2743 Ex
735 2694 826 2759 quibus
838 2694 935 2758 liquido
949 2701 1047 2742 constat

60 2777 194 2835 rationem,
222 2776 283 2823 dum
301 2775 368 2824 circa
386 2776 467 2840 prima
485 2785 599 2826 versatur
617 2775 756 2840 principia,
785 2774 846 2824 licet
864 2791 985 2823 summam
1004 2774 1049 2822 ob-

62 2857 138 2905 tineat
155 2856 295 2904 humanam
313 2857 487 2915 certetude'nem,
510 2856 605 2919 aliquid
625 2864 708 2904 tamen
721 2855 745 2903 ei
758 2856 790 2903 ad
802 2855 940 2919 perfectam
953 2856 1047 2904 certine-

61 2937 138 2986 dr'nem
156 2937 254 2996 deesse,
275 2937 344 2999 quod
361 2938 488 3000 suppletur
505 2953 551 3001 per
570 2936 654 2985 fidem.
686 2935 742 2984 Nec
761 2935 800 2983 his
818 2936 898 2983 solum
917 2935 1047 2984 axiomatis

62 3017 195 3081 primisque
213 3016 356 3081 principiis,
383 3017 429 3064 sed
448 3024 473 3065 et
491 3016 593 3080 reliquis
619 3016 769 3075 enuntiatis,
798 3031 863 3079 quae
888 3015 971 3064 minus
995 3015 1046 3065 late

18 3117 20 3124 ,
63 3105 145 3160 patent
163 3097 295 3160 minusque
311 3096 411 3146 facilem
428 3097 460 3145 ab
477 3097 594 3144 humanis
606 3096 733 3144 mentibus
746 3103 896 3160 extorquent
908 3112 1045 3156 assensum,

64 3177 235 3226 certitudinem
252 3177 354 3241 vimque
372 3177 491 3225 conciliat
510 3175 588 3225 fides»
605 3173 656 3238 (De
675 3176 847 3224 imbecillitate
866 3176 957 3224 mentis
977 3175 1046 3224 hum.

64 3257 79 3305 1.
98 3271 120 3320 3,
139 3274 160 3306 c.
184 3271 212 3304 11
236 3265 261 3304 et
282 3255 335 3320 15).

124 3337 191 3386 ¹En
210 3337 347 3386 nonnullae
366 3353 398 3384 ex
415 3335 646 3400 propositionibus,
672 3349 734 3397 quas
760 3332 914 3392 conscriptas
933 3330 1046 3375 invenies
