2350 3700
154 149 203 201 174
529 149 761 186 CRITERIOLOGIA.

148 297 235 355 situm
264 297 328 356 fieri
353 315 416 355 non
443 314 547 372 posse,
575 296 633 355 nisi
660 315 715 372 per
739 297 970 372 derogationem
1001 295 1046 354 ad
1067 296 1142 371 leges

149 396 281 456 naturae,
302 387 321 444 i.
344 405 369 445 e.
395 387 547 445 miraculo.

210 475 365 534 Certitudo
385 476 502 533 moralis
522 493 558 533 ea
579 485 635 546 est,
661 475 743 533 cuius
764 475 907 534 motivum
927 475 1072 533 innititur
1091 475 1144 546 lege

150 565 263 633 nmrali,
285 565 303 621 i.
320 582 345 623 e.
361 565 453 622 modo
475 565 623 622 constanti
645 575 675 622 et
688 563 838 636 uniformi,
860 565 1033 624 secundum
1057 581 1142 639 quem

149 654 230 711 entia
250 654 353 724 libera,
376 672 435 728 qna
456 655 535 724 talia,
556 653 694 712 homines
715 654 852 730 proinde,
865 671 969 730 ¹agere
992 655 1098 712 solent
1117 653 1144 708 in

149 753 231 800 certa
251 761 350 800 rerum
371 743 600 800 circumstantia.
642 744 687 800 lta
707 744 860 801 moraliter
881 754 998 801 certum
1021 752 1070 801 est
1098 742 1142 798 ho·

150 831 245 889 mines
266 832 416 906 plurimos,
439 831 561 906 ingenio
578 842 608 890 et
621 831 773 890 voluntate
787 833 863 890 inter
877 849 909 890 se
923 831 1144 906 discrepantes,

149 922 181 976 in
202 938 234 978 re
255 921 355 995 aliqua
375 939 439 978 nou
459 921 591 979 dicturos
613 919 802 979 mendacium
821 921 877 979 sibi
891 921 1005 980 inutile.
1033 923 1070 978 In
1086 937 1144 977 cer-

149 1009 275 1067 titudine
296 1009 402 1067 morali
422 1009 535 1068 motiva
554 1009 716 1068 ostendunt
743 1009 912 1085 oppositum
940 1027 1009 1068 esse
1039 1019 1144 1067 contra

149 1099 229 1156 illam
249 1098 340 1156 moris
353 1099 476 1157 humani
490 1099 698 1171 constantiam,
720 1117 798 1174 quae
812 1097 843 1156 in
857 1099 1016 1156 hominurn
1039 1108 1141 1156 natura

150 1188 265 1245 firmata
285 1187 337 1259 sit,
367 1187 414 1246 cui
436 1198 537 1246 tamen
557 1187 597 1245 ab
618 1187 683 1262 ipsa
703 1189 854 1246 voluntate
877 1188 973 1246 libera
1002 1187 1140 1261 derogari

149 1276 250 1350 possit,
261 1277 301 1334 ita
312 1287 343 1334 ut
352 1278 522 1353 oppositum
532 1277 605 1334 illud
615 1277 704 1335 etiam
714 1277 778 1335 sine
789 1277 933 1335 miraculo
942 1275 1090 1352 possibile
1098 1274 1138 1332 sit.

211 1367 250 1423 Et
270 1365 320 1422 illa
341 1364 465 1440 quidem
493 1376 538 1424 est
558 1366 705 1424 certitudo
726 1365 848 1424 moralis
875 1365 907 1423 in
928 1383 1020 1424 sensu
1041 1364 1139 1422 stricto

150 1465 291 1531 accepta3
321 1454 407 1512 latius
434 1473 507 1513 vero
535 1455 682 1513 certitudo
703 1454 823 1512 moralis
844 1472 880 1513 ea
908 1454 1035 1525 dicitur,
1065 1471 1139 1527 quae

151 1543 243 1602 oritur
263 1561 301 1602 ex
321 1543 470 1602 evidentia
490 1543 708 1620 imprudentiae
729 1543 812 1601 dubii
824 1544 840 1602 ¹.

215 1633 314 1705 Quam
335 1633 543 1691 certitudinem
565 1633 608 1691 sic
630 1633 791 1709 explicant:
826 1632 999 1691 «Certitudo
1022 1631 1140 1690 moralis

154 1731 198 1780 est
218 1721 325 1780 mentis
346 1739 482 1780 assensus
502 1722 543 1780 ob
557 1723 762 1780 auctoritatem
776 1721 943 1780 rationesve
961 1739 1081 1796 graves,
1102 1719 1138 1776 ita

153 1821 185 1869 ut
205 1829 265 1869 non
287 1810 379 1870 subsit
399 1810 474 1870 ratio
495 1811 618 1871 fundata
638 1810 795 1870 dubitandi
815 1811 854 1870 de
874 1811 998 1869 veritate
1022 1809 1147 1869 obiecti.¹

152 1901 234 1958 Talis
254 1900 399 1959 certitudo
414 1900 543 1975 exsurgit
557 1921 584 1958 v.
600 1919 628 1975 g.
645 1918 681 1959 ex
695 1900 821 1960 duorum
836 1900 886 1975 qui
901 1900 960 1958 fide
974 1899 1063 1975 digni
1078 1908 1138 1955 sunt

152 1990 282 2047 virorum
303 1990 481 2048 testimonio.
510 1990 580 2048 Non
600 1990 676 2048 tollit
689 1990 811 2065 quidem
826 1988 980 2048 dubitandi
995 1986 1139 2063 possibili·

152 2088 251 2149 tatem,
274 2079 326 2137 sed
348 2089 415 2137 actu
436 2078 566 2137 excludit
578 2079 749 2154 prudentem
770 2079 878 2137 erroris
897 2078 1102 2136 formidinem.

218 2170 293 2226 «Pro
309 2167 415 2226 maiori
425 2166 579 2240 minorive,
597 2169 704 2243 quibus
718 2170 827 2240 nititur,
844 2168 990 2225 rationum
1006 2168 1138 2241 pondere

153 2256 299 2315 certitudo
330 2257 450 2315 moralis
477 2256 605 2314 admittit
625 2258 723 2315 varios
744 2258 870 2332 gradu53
898 2257 951 2316 sed
978 2256 1011 2313 hi
1035 2256 1136 2331 gradus

152 2356 276 2421 possunt
296 2346 335 2404 ad
357 2346 432 2404 duos
453 2345 569 2404 reduci:

211 2429 239 2509 a)
264 2434 436 2493 «Certitudo
449 2435 569 2493 moralis
583 2434 685 2491 stricta
704 2453 756 2493 seu
770 2453 885 2493 summa
898 2444 942 2492 est
955 2433 1016 2504 illa,
1035 2443 1133 2493 contra

152 2542 242 2597 quam
272 2524 336 2581 sola
365 2523 474 2581 erroris
504 2522 702 2598 possibilitas,
732 2525 813 2582 nulla
842 2541 913 2581 vero
945 2522 1133 2597 probabilitas

152 2612 264 2671 militat.
314 2614 401 2671 Haec
428 2612 570 2685 habetur,
600 2613 624 2671 si
655 2633 682 2671 v.
710 2631 737 2687 g.
766 2612 797 2669 in
826 2612 926 2687 aliqua
953 2629 985 2670 re
1006 2612 1134 2669 omniurn

151 2701 314 2777 peritorum
334 2701 498 2760 sententiae
520 2702 717 2760 concordant.

211 2789 243 2862 b)
268 2790 439 2849 «Certitudo
454 2790 574 2849 moralis
596 2792 655 2848 lata
676 2791 724 2850 vel
745 2790 897 2849 ordinaria
918 2801 962 2849 est
983 2789 1043 2861 illa,
1068 2806 1133 2865 quae

151 2881 254 2937 nititur
263 2882 352 2952 gravi
363 2882 474 2948 matrim,
490 2879 572 2955 quod
586 2880 681 2937 virum
692 2879 871 2955 prudentem
881 2878 919 2937 ad
930 2877 1131 2954 irreprehensi·

151 2968 242 3026 bilem
263 2986 414 3027 assensum
435 2987 556 3027 movere
578 2979 684 3044 potest,
707 2968 760 3027 sed
780 2977 999 3043 contraquam,
1021 2979 1131 3043 praeter

151 3056 260 3115 erroris
280 3056 514 3133 possibilitatem,
536 3057 700 3115 nonnullae
717 3056 843 3115 leviores
857 3057 988 3115 rationes
1003 3056 1128 3124 militant,

151 3145 280 3203 rationes
300 3146 428 3218 scilieet,
458 3146 587 3221 quaein
609 3157 741 3205 mentem
761 3145 875 3220 aliquid
896 3146 1021 3220 quidem
1050 3144 1129 3204 haesi·

215 3335 223 3365 ¹
242 3336 281 3383 Cf.
301 3351 377 3398 supra
395 3353 420 3399 p.
444 3338 501 3399 158.
