2350 3700
112 152 164 213 326
390 164 427 199 na
447 162 634 208 Quanricxrn
654 163 813 199 conponas.

170 312 232 370 Sed
252 312 328 371 haec
348 312 449 370 omnia
476 328 539 369 non
564 312 659 369 solnm
687 309 778 386 gratis
805 310 984 369 affirmantur
997 311 1016 381 ¹,
1045 309 1097 367 sed

110 402 199 461 etiam
227 410 333 459 contra
357 412 418 459 tam
439 399 563 459 evidens
585 399 787 458 conscientiae
812 399 1010 459 testimonium
1032 408 1100 457 sunt

111 492 293 566 excogitata,
321 501 353 548 ut
379 489 486 548 merito
511 489 589 548 inter
610 489 809 565 scepticorum
833 489 995 547 dementias
1016 487 1101 547 reici·

110 591 205 639 antur,
234 582 273 638 Et
286 597 319 638 re
334 578 456 655 quidem
470 598 550 651 vera,
572 578 647 637 fides
661 578 711 637 illa
731 578 819 637 totins
840 580 957 654 generis
976 576 1103 637 humani

110 670 150 729 de
171 668 302 727 realitate
323 668 472 727 obiectiva
490 667 671 727 extensionis
692 678 753 726 tam
773 667 945 726 universalis
963 677 1014 739 est,
1039 678 1103 725 tam

111 769 266 829 constans,
295 757 403 816 rationi
424 769 455 816 et
475 757 675 833 experientiae
696 767 757 816 tam
777 757 956 828 conformis,
984 767 1016 815 ut
1036 775 1104 815 non

112 846 167 905 nisi
188 866 225 906 ex
245 857 328 905 motu
349 846 474 905 naturali
495 846 649 921 potentiae
677 846 846 921 cognitivae
874 845 942 904 oriri
970 846 1106 922 potuisse
1162 877 1163 903 t

111 937 241 995 dicenda
262 936 307 995 sit.
342 939 377 993 In
397 954 473 995 voce
494 947 594 995 autem
614 947 737 995 naturae
757 953 857 1007 nemo,
877 935 935 994 nisi
953 936 1106 1011 scepticus

112 1045 177 1085 esse
196 1025 268 1085 velit
288 1025 469 1097 universalis,
492 1044 625 1085 errorem
646 1043 760 1101 ponere
781 1035 879 1101 potest
891 1025 910 1083 ².

171 1117 345 1187 Praeterea,
366 1115 422 1173 nisi
443 1116 508 1191 ipsa
528 1114 662 1174 activitas
683 1132 843 1190 corporum
863 1124 1002 1190 negetur,
1031 1132 1107 1189 ope·
1163 1109 1164 1155 l

112 1203 242 1264 rationes
263 1222 423 1280 corporum
444 1204 592 1263 obiective
614 1213 750 1263 extensas
771 1222 851 1277 esse,
874 1206 952 1263 clare
975 1214 1104 1262 constat.
1163 1202 1164 1205 ’

113 1297 194 1370 Ergo
214 1304 245 1352 et
264 1294 329 1370 ipsa
349 1303 454 1351 natura
474 1312 650 1370 corporum,
683 1294 765 1353 cuius
785 1294 862 1352 haec
883 1293 1017 1369 operatio
1038 1311 1105 1351 non

113 1394 158 1443 est
184 1382 240 1441 nisi
265 1383 388 1442 effluxus
409 1382 546 1458 quidam,
575 1382 723 1442 obiective
745 1393 866 1443 extensa
887 1400 950 1441 esse
973 1382 1106 1441 dicenda

113 1484 157 1532 est
168 1474 188 1531 ⁸.
229 1474 311 1549 Ergo
332 1473 465 1531 extensio
487 1483 531 1532 est
551 1472 700 1531 obiectiva
721 1473 871 1548 quaedam
890 1473 1018 1531 realitas.

172 1588 300 1646 Assertio
313 1588 356 1645 II.
381 1589 471 1645 -In
490 1588 590 1645 ordine
609 1590 756 1645 entitatem
777 1588 897 1645 realium
918 1589 1044 1645 extensio
1065 1594 1108 1645 est

113 1679 242 1735 occidens.
292 1676 453 1735 Manifesto
479 1676 560 1735 enim
588 1687 714 1752 apparet
740 1676 812 1734 illud
845 1677 974 1735 «habere
1004 1686 1107 1753 partes

113 1766 184 1825 alias
205 1768 243 1825 ab
264 1765 328 1825 aliis
349 1766 502 1825 distinctas
523 1777 553 1825 et
573 1766 645 1827 alias
659 1775 742 1825 extra
755 1766 827 1824 alias
841 1766 1017 1841 dispositas»
1039 1784 1106 1825 esse

113 1857 280 1928 entitatem,
310 1856 357 1916 cui
378 1856 519 1916 convenit
539 1875 619 1929 esse,
642 1874 704 1915 non
725 1856 757 1914 in
778 1875 824 1929 se,
847 1858 901 1916 sed
921 1857 953 1915 in
974 1858 1053 1929 alio,
1077 1868 1106 1916 et

114 1946 240 2022 proinde
261 1965 326 2005 esse
347 1945 497 2005 accidens.
1165 1945 1166 1956 ¹

173 2059 301 2117 Assertio
320 2060 382 2117 Ill.
405 2089 444 2097 —
465 2059 622 2127 Extensio,
644 2065 764 2117 externo
778 2061 967 2135 praesertim,
990 2060 1107 2118 videtur
1165 2089 1166 2098 κ

113 2168 170 2206 esse
189 2150 313 2207 accidens
332 2150 497 2207 absolutum.
534 2149 690 2222 Quaerunt
710 2147 886 2220 scholastici,
907 2159 1007 2207 utrum
1031 2149 1106 2207 acci·

113 2238 188 2297 dens
208 2237 279 2296 illud
301 2239 337 2297 sit
358 2239 525 2297 absolutum
539 2258 578 2297 an
593 2239 713 2298 modale
727 2248 849 2296 tantum.
878 2240 943 2295 Iam
958 2255 1033 2296 vero
1047 2239 1106 2297 solo

114 2329 234 2384 rationis
254 2328 358 2385 lumine
377 2328 454 2386 haec
468 2328 603 2403 quaestio
617 2328 691 2386 solvi
705 2345 767 2386 non
780 2337 886 2403 potest,
909 2327 979 2402 quia
1000 2338 1106 2386 natum
1165 2405 1166 2408 Ἴ

115 2417 303 2488 extensionis,
325 2419 499 2492 praesertim
520 2418 664 2488 internae,
685 2417 774 2475 nobis
794 2434 856 2474 non
877 2417 947 2475 satis
963 2428 1039 2476 nota
1052 2429 1105 2478 est.

115 2505 247 2579 Quilibet
261 2505 349 2582 igitur
362 2506 556 2582 philosophus
570 2506 686 2564 sincere
701 2505 827 2582 sapiens
849 2515 881 2563 ut
899 2505 1106 2582 philosophus

115 2614 266 2654 assensum
287 2614 370 2654 suum
385 2597 441 2655 hac
456 2596 487 2653 in
501 2614 534 2654 re
548 2595 604 2653 sibi
619 2595 721 2670 ignota
736 2594 875 2654 cohibeat
887 2613 1014 2654 necesse
1030 2606 1075 2655 est
1088 2599 1106 2654 ⁴.

176 2684 234 2742 Sed
256 2687 289 2758 si,
311 2686 350 2744 ad
371 2685 576 2744 extensionem
591 2695 744 2742 externam
758 2683 885 2743 maxime
904 2685 1106 2758 attendentes,

113 2773 217 2831 lumini
239 2773 360 2832 rationis
380 2774 472 2831 lumen
484 2775 560 2849 fidei
578 2773 813 2844 admoverimus,
837 2772 970 2850 legitime
992 2774 1106 2834 inferre

117 2951 309 3015 Urphtinomen,
336 2949 445 2998 welches
471 2950 542 2999 nicht
566 2951 655 3000 weiter
680 2951 774 3000 erklilrt
799 2951 901 3000 werden
926 2951 1013 3000 kann»
1038 2950 1106 3016 (lot.

115 3031 217 3088 Mitller,
237 3028 398 3094 Physiologie
418 3030 462 3079 des
482 3031 690 3080 Gesichtssinnes
709 3049 730 3081 c.
751 3044 775 3092 2,
795 3048 820 3096 p.
841 3041 875 3094 54
894 3028 955 3096 sq.).

178 3108 244 3156 ¹Cf.
264 3126 340 3172 supra
358 3126 382 3170 p.
406 3122 464 3159 112.
539 3108 608 3160 'Cfi
628 3128 704 3176 supra
722 3128 747 3176 p.
771 3124 829 3173 132.
852 3113 910 3162 166.

176 3185 187 3214 ⁸
206 3187 244 3233 Cf.
263 3188 372 3235 Lehmen
391 3189 407 3235 l.
428 3205 449 3236 c.
469 3205 495 3253 p.
516 3190 557 3239 28.

176 3260 186 3290 ⁴
205 3263 244 3310 Cf.
263 3264 351 3325 Lepidi
366 3265 383 3313 l.
403 3283 424 3314 c.
444 3267 483 3327 Il,
507 3269 564 3330 185.
584 3293 618 3302 -
637 3270 679 3318 De
698 3271 802 3321 notione
820 3287 882 3321 vero
901 3272 1046 3323 accidentis
1065 3275 1104 3323 ab·
1163 3315 1166 3323 .

115 3335 190 3382 soluti
208 3345 234 3384 et
251 3341 390 3390 accidentis
409 3345 514 3393 modalis
532 3347 590 3395 vide
609 3363 686 3412 supra
704 3366 730 3413 p.
751 3351 802 3412 278
822 3359 848 3400 et
867 3363 929 3415 279.
