2350 3700
450 143 488 178 nn
507 142 660 179 veniensis.
998 130 1045 191 167

59 289 192 347 stinctum
215 300 249 348 et
268 291 492 349 inclinationem
512 290 677 348 naturalem
698 289 853 364 sequentia
880 307 942 347 non
969 289 1048 348 deci·

58 378 180 452 piuntur.
227 379 288 438 Sed
315 379 404 437 valde
432 380 578 437 absonum
608 387 700 450 esset,
729 378 753 436 si
780 388 885 436 natura
908 377 1047 437 animalia

57 467 122 524 vilia
135 478 221 525 recta
237 469 369 540 doceret,
390 467 542 526 hominem
556 485 639 539 vero,
654 467 739 526 huius
752 466 856 526 mundi
868 466 1046 542 principem,

57 557 167 615 falleret
189 567 222 615 et
244 577 321 615 vana
342 576 395 634 spe
417 568 561 632 pasceret.

112 665 137 702 2.
160 647 325 705 Praeterea
345 657 407 704 tam
427 645 552 705 evidens
572 656 618 704 est
638 654 736 704 motus
754 645 902 704 naturales
925 645 1047 704 rationis

56 752 112 791 non
133 752 201 793 esse
224 734 345 807 inanes,
376 744 491 793 utnon
515 735 611 793 solum
639 735 677 793 de
705 734 762 792 hac
789 752 822 793 re
850 751 941 794 nemo
968 733 1046 794 serio

54 822 174 893 dubitet,
199 825 256 883 sed
277 824 369 883 etiam
389 823 526 882 dubitare
548 841 611 881 non
632 823 727 897 possit
740 825 756 882 ¹.

109 914 195 988 Ergo
218 913 468 988 quotiescumque
492 911 658 970 constiterit
685 913 724 972 de
752 929 899 972 consensu
929 911 1047 987 generis

54 1001 172 1059 humani
189 1002 224 1059 in
238 1001 351 1060 iudicio
366 1002 498 1077 quodam
512 1001 705 1077 proferendo,
727 1000 872 1076 simulque
885 999 1048 1060 innotuerit

56 1109 234 1150 consensum
249 1091 332 1150 illum
346 1091 417 1149 oriri
431 1109 468 1150 ex
480 1100 564 1149 motu
578 1089 705 1148 naturali
714 1089 845 1160 rationis,
861 1089 924 1148 aliis
938 1089 1046 1161 verbis,

30 1202 31 1225 2
56 1197 113 1237 esse
133 1199 232 1238 vocem
253 1189 384 1250 naturae,
405 1180 456 1238 hic
477 1197 640 1238 consensus
661 1177 717 1238 erit
737 1178 887 1237 criterium
907 1179 978 1238 veri.

30 1268 31 1275 ’
108 1269 305 1328 Consensum
313 1287 386 1328 vero
396 1268 478 1327 illum
488 1287 554 1327 esse
564 1285 671 1326 vocem
681 1277 812 1340 naturae,
824 1267 941 1328 ostendi
949 1278 1047 1344 potest

30 1391 31 1429 ,
57 1357 293 1416 demonstrando
307 1357 404 1433 ipsum
418 1356 488 1415 oriri
502 1375 564 1416 non
578 1375 667 1432 posse
682 1374 718 1413 cx
732 1357 955 1425 occidentalibus,
977 1375 1047 1432 qua·

29 1440 31 1524 {
57 1445 89 1502 lia
108 1457 214 1504 essent
236 1446 421 1522 cupiditates,
444 1445 592 1518 educatio,
616 1445 781 1521 generatim
802 1445 927 1504 influxus
948 1447 1044 1506 alieni.

30 1525 31 1565 ³
110 1537 158 1592 Ex
179 1535 270 1594 dictis
291 1535 437 1610 sequitur,
468 1545 500 1592 ut
523 1553 644 1594 «sensus
666 1534 848 1594 communis»
872 1535 946 1593 nihil
966 1534 1046 1594 aliud

57 1623 89 1680 sit
100 1623 158 1682 nisi
176 1624 351 1683 «inclinatio
364 1634 488 1683 naturae
503 1623 663 1695 rationalis,
686 1642 746 1698 qua
760 1643 875 1693 omnes,
897 1624 948 1699 qui
962 1641 1046 1681 usum

59 1712 166 1770 habent
186 1713 327 1786 rationis,
356 1713 395 1772 ad
416 1713 525 1772 iudicia
548 1713 707 1772 formanda
734 1713 940 1788 impelluntur,
969 1729 1046 1788 quae

60 1800 95 1858 ad
114 1801 313 1862 fundamenta
333 1802 411 1861 vitae
432 1804 590 1874 humanae,
613 1800 727 1861 ordinis
748 1801 893 1878 religiosi,
915 1800 1044 1873 moraliS,

62 1891 172 1951 socialis
201 1902 349 1969 spectant.
398 1892 480 1951 Sicut
508 1891 597 1968 igitur
626 1890 704 1950 vitae
734 1890 891 1950 sensitivae
920 1910 975 1967 per
1005 1890 1047 1948 in·

62 1979 194 2039 stinctum
216 1980 339 2058 proprie
360 1980 472 2039 dictum
494 1980 646 2057 provisum
668 1990 727 2051 est,
749 1980 791 2038 ita
810 1979 888 2038 vitae
909 1979 1046 2039 rationali

63 2068 183 2143 impulsu
212 2069 360 2145 quodam,
396 2069 448 2145 qui
477 2070 613 2128 animalis
644 2068 794 2128 instinctui
821 2070 964 2145 analogus
992 2078 1043 2141 est,

62 2171 200 2230 quantum
223 2169 267 2217 est
287 2160 364 2230 satiS,
386 2158 612 2235 providetur.›⁹

464 2336 573 2395 Carus
594 2351 636 2393 111.

231 2458 450 2517 DOCTRINA
472 2458 600 2516 ClRCA
622 2458 867 2516 VERITATEM

78 2556 128 2613 ET
151 2556 472 2615 CERTITUDINEM
494 2556 758 2613 SYNTHETICE
779 2555 1030 2615 EXPONITUR.

447 2708 615 2755 Ansrcucus
635 2718 653 2755 1.

423 2818 472 2868 DE
491 2818 679 2869 VERITATE.

228 2960 246 3027 ἓ
268 2976 290 3010 ι.
323 2964 366 3012 De
385 2963 548 3012 veritatem
567 2978 600 3012 se
620 2962 681 3026 ipsa
700 2962 884 3012 considerata.

118 3077 237 3135 Veritas
266 3076 363 3151 logica
393 3077 559 3151 generatim
589 3075 742 3134 definitur:
781 3075 966 3150 conformitas
1001 3080 1048 3137 vel
1146 3068 1147 3071 ¹

68 3166 228 3241 adaequatio
248 3174 407 3223 intellectus
427 3166 470 3222 od
485 3183 554 3223 rem.

120 3323 190 3375 ¹cf.
209 3341 286 3389 supra
303 3341 329 3389 p.
352 3324 409 3373 128.
432 3336 481 3387 132
500 3333 525 3373 et
541 3336 600 3387 133.
665 3319 769 3374 'Pescla
788 3324 804 3373 l.
825 3342 846 3374 c.
866 3342 891 3389 p.
910 3335 969 3389 252.
984 3336 1043 3390 255.
