2350 3700
274 133 314 168 DE
334 132 537 169 CONVERSIONE
555 130 799 169 PROPOSITIONUM.
997 122 1028 169 61

101 282 138 337 Il.
170 278 261 338 Circa
292 281 424 339 diversas
454 298 526 339 vero
557 280 780 356 propositiones
813 279 1033 339 convertendus

20 370 170 442 speciales
190 368 294 445 vigent
315 371 447 444 regulae,
476 387 554 445 quae
575 388 638 427 non
659 380 726 429 sunt
746 367 802 427 nisi
822 368 970 445 generalis
990 386 1033 428 re

22 459 128 531 gulae
149 458 384 534 applicationes,
416 459 512 517 factae
540 459 594 517 sub
615 459 726 517 lumine
748 475 866 529 eornm,
895 474 973 533 quae
994 456 1032 517 de

25 548 217 607 extensione
239 546 405 623 praedicati
425 546 456 605 in
476 546 683 624 propositione
703 548 878 607 affirmativa
898 557 929 607 et
944 565 1033 623 nega·

24 636 101 695 tiva
122 656 214 714 supra
234 632 277 713 (p.
300 632 350 712 38)
378 635 604 696 declaravimus.
647 636 734 710 Quae
762 635 885 713 quidem
912 637 1032 712 regulae

27 726 82 784 sic
105 726 315 785 enuntiantur:

105 836 130 873 1.
153 815 323 891 Propositio
337 817 506 875 uniuersalis
519 832 626 889 negans
639 808 687 890 (E)
703 824 733 873 et
747 815 935 891 particulare
948 813 1033 890 affir-

31 924 124 963 mam
145 900 182 979 (I)
204 904 340 965 converti
360 916 483 982 possunt
508 911 640 973 servata,
667 922 731 962 non
762 905 857 963 solum
886 903 1032 979 qualitate,

32 994 96 1052 sed
117 995 210 1053 etiarn
230 997 390 1070 quantitate
409 993 630 1070 propositionis.
672 994 707 1052 E.
729 1011 758 1069 g.

98 1220 206 1280 Nullus
226 1220 319 1279 homo
341 1231 385 1279 est
405 1222 453 1279 leo
522 1277 526 1287 ‚

98 1308 206 1368 Nullus
226 1310 276 1368 leo
298 1318 342 1367 est
361 1216 480 1388 homo}
503 1276 550 1327 Μ’
567 1290 586 1327 ⁵'

76 1681 215 1756 Aliquod
235 1681 345 1739 animal
367 1691 411 1739 est
431 1677 506 1848 leo}
519 1660 566 1787 lug.
584 1739 603 1778 ⁶.

77 1768 199 1845 Aliquis
219 1771 267 1828 leo
288 1778 333 1828 est
354 1770 464 1828 animal

310 1961 358 2019 vel

748 1591 853 1674 sssf
872 1631 892 1664 i,
925 1623 930 1640 ¹
985 1630 989 1644 ‘

774 1905 830 1977 ὠ
846 1904 872 1967 β’
882 1894 897 1933 j

142 2177 148 2189 ,
343 2153 346 2157 ,
823 2124 859 2181 ἑ.

40 2178 164 2254 Aliqms
184 2179 277 2237 homo
299 2189 344 2237 est
364 2180 481 2255 sapiens
526 2234 549 2276 Fi
881 2192 993 2253 Sapaaa

41 2266 163 2343 Aliquis
184 2267 303 2342 sapiens
325 2276 369 2326 est
387 2174 507 2347 homo}
551 2249 573 2286 ι
591 2251 610 2287 ⁷‘
669 2053 1010 2459 αξ.

107 2528 133 2566 2.
157 2507 325 2584 Propositio
345 2511 513 2568 aaa'aersalis
526 2511 684 2588 affirmans
698 2510 748 2592 (A)
763 2519 974 2591 convertenda,
997 2537 1034 2578 ex

41 2596 205 2657 universali
224 2599 256 2655 in
269 2599 476 2674 particularem
502 2603 640 2661 mutanda
667 2615 719 2664 est.
762 2607 899 2684 Sequitur
926 2627 963 2666 ex
990 2625 1034 2668 re·

43 2687 114 2762 gula
135 2688 173 2760 H,
200 2707 224 2759 1,
246 2706 275 2763 p
298 2690 345 2762 38.
388 2688 422 2746 E.
445 2705 473 2764 g.

134 2819 241 2878 Omnis
261 2821 310 2880 leo
331 2829 375 2878 est
395 2820 505 2879 animal

132 2907 266 2984 Aliquod
288 2909 396 2968 animal
417 2921 462 2969 est
481 2818 556 2992 leo}
575 2879 622 2930 ng.
639 2883 658 2921 ⁸⁸
746 2873 805 3032 Ξθξ

106 3055 226 3114 Eodem
255 3054 346 3115 modo
375 3055 506 3132 legitime
534 3059 669 3118 converti

47 3152 145 3219 potest
164 3144 331 3221 propositio
352 3143 524 3205 universalis
544 3165 668 3222 negans.

47 3234 117 3290 Hoc
138 3233 269 3309 sequitur
290 3253 309 3292 a
326 3233 442 3292 fortiori
463 3252 500 3291 ex
516 3235 628 3308 regula,
650 3253 740 3309 quam
754 3255 843 3310 snpra
857 3240 895 3306 11,
914 3257 926 3293 1
944 3254 1034 3293 enun-

48 3321 181 3380 tiavimus
203 3314 262 3397 (fig.
287 3318 325 3399 5).
