2350 3700
138 156 172 203 94
511 152 741 191 cnrnnxrotoom.

137 302 237 360 Firma
267 311 366 361 autem
397 300 539 359 adhaesio
569 301 619 359 illa
650 310 706 370 est,
742 319 821 375 quae
850 302 882 357 fit
912 301 980 359 sine
1015 297 1142 357 errandi
1168 277 1170 316 ¹

137 390 304 461 formidine,
327 400 416 466 prout
436 408 500 449 rem
522 410 612 465 supra
633 385 673 464 (p.
699 385 727 463 Ι)
748 390 972 465 explicavimus.

196 491 244 547 De
272 488 395 547 diversis
416 488 600 547 certitudinis
621 488 778 563 speciebus
806 487 903 563 capite
932 490 980 545 ΠΙ
1008 505 1052 545 ex
1076 505 1143 561 pro·

136 580 215 639 fesso
237 577 343 637 dicturi
364 596 470 636 sumus
507 579 608 637 Unam
629 587 731 635 tamen
746 595 784 635 ex
803 578 848 635 his
863 576 1072 635 divisionibus
1094 574 1142 631 hic
1168 593 1169 598 ¹

136 669 313 738 referemus,
346 685 414 724 cum
444 666 508 725 eius
535 666 669 742 cognitio
698 668 821 724 multum
849 668 948 725 valeat
977 666 1020 723 ad
1055 674 1141 723 recte
1168 659 1169 668 ’

136 756 383 831 intellegendum,
414 757 509 831 qualis
530 756 567 814 sit
588 766 678 813 status
708 755 889 830 quaestionis
916 756 978 813 hoc
1005 765 1142 812 tractatu
1168 765 1170 780 ²

136 844 257 921 positae.
308 845 394 919 Quae
424 845 546 919 quidem
574 844 682 903 divisio
709 844 872 903 desumitur
893 863 930 901 ex
952 851 1047 919 parte
1072 852 1142 919 per·

129 934 266 1008 fectionis
287 936 451 1007 cognitionis
471 936 639 992 nonnarum
660 934 846 991 adhaesionis.
884 933 945 991 Sub
966 934 1030 991 hoc
1054 933 1142 991 enim

135 1034 272 1098 respectu
314 1023 461 1081 certitudo
495 1022 637 1081 dividitur
675 1024 705 1079 in
740 1024 894 1097 vulgarem
935 1033 966 1080 et
1001 1022 1143 1097 philoso-

136 1112 267 1187 phicam.

197 1212 352 1270 Certitudo
366 1212 511 1269 naturalis
524 1212 571 1269 vel
585 1212 715 1283 vulgaris
728 1212 776 1268 vel
790 1212 897 1267 directa
910 1213 959 1269 vel
971 1218 1141 1287 spontanea

137 1318 172 1358 ea
194 1310 246 1372 est,
269 1318 346 1375 quae
367 1302 399 1358 fit
414 1319 481 1359 cum
497 1299 670 1375 cognitione
691 1301 797 1357 directa
820 1309 933 1357 tantum
948 1300 1139 1358 motivorum

137 1390 334 1448 adhaesionis.
377 1390 412 1447 Id
434 1400 492 1461 est,
524 1389 555 1447 in
584 1389 636 1447 tali
658 1389 835 1448 certitudine
856 1408 941 1447 mens
965 1389 1139 1448 reflexione

137 1498 200 1536 non
222 1478 298 1536 redit
312 1480 343 1536 in
364 1498 449 1537 suum
463 1489 562 1536 actum
583 1478 781 1550 adhaesionis,
803 1490 835 1536 ut
855 1479 965 1536 motiva
986 1478 1138 1536 maturius

138 1568 313 1643 perspiciat,
344 1568 450 1643 quibus
476 1568 515 1626 ad
543 1567 767 1625 adhaerendum
798 1567 970 1639 adducitur3
997 1568 1055 1625 sed
1077 1568 1137 1624 sub

138 1656 248 1715 influxu
268 1658 384 1715 illorum
399 1657 576 1715 motivorum
592 1656 705 1715 directe
727 1657 982 1731 apprehensorum
1004 1657 1136 1714 firmiter

139 1748 267 1805 assentit.
310 1748 390 1805 Talis
419 1757 462 1804 est
490 1764 515 1803 e.
538 1765 565 1820 g.
597 1746 759 1817 certitudo,
789 1764 879 1820 quam
906 1746 998 1803 habet
1019 1746 1068 1803 vir
1089 1746 1133 1802 in-

139 1838 244 1895 doctus
265 1838 311 1894 vel
333 1834 455 1893 rusticus
476 1834 515 1893 de
537 1835 707 1894 exsistentia
733 1834 836 1894 mundi
857 1844 887 1893 et
908 1834 947 1893 de
968 1834 1035 1893 aliis
1056 1836 1134 1894 veri-

138 1925 245 1983 tatibus
266 1925 377 1996 multis‚
404 1943 497 2000 quae,
529 1935 633 2000 utpote
660 1925 808 1983 humanae
830 1925 907 1982 vitae
927 1927 1132 1995 necessariae,

140 2013 225 2072 facile
248 2025 476 2089 cognoscuntur.

199 2114 353 2172 Certitudo
369 2113 564 2190 philosophica
584 2115 632 2170 vel
652 2115 801 2188 scientifica
822 2115 869 2171 vel
890 2115 1000 2188 reflexa
1021 2133 1061 2172 ea
1075 2125 1130 2185 est,
1168 2168 1169 2173 ,

139 2221 215 2277 quae
244 2204 275 2260 fit
302 2221 370 2261 cum
398 2201 569 2278 cognitione
591 2203 700 2276 rey‘lexn
727 2202 906 2261 motivorum
926 2203 1131 2261 adhaesionis.

138 2294 173 2349 In
188 2294 238 2350 tali
254 2293 430 2350 certitudine
445 2309 529 2350 mens
551 2292 678 2350 firmiter.
688 2291 839 2362 adhaeret,
862 2292 940 2366 quia,
963 2293 1132 2350 reflexione

139 2382 219 2439 circa
233 2381 344 2440 motiva
364 2381 553 2440 adhaesionis
568 2380 707 2453 instituta,
731 2400 835 2440 corum
848 2384 982 2440 valorem
997 2381 1131 2440 solidum

139 2489 212 2541 esse,
230 2470 391 2530 scientifice
406 2470 564 2546 perspexit.
594 2472 676 2528 Talis
690 2481 735 2529 est
749 2471 904 2543 certitud0,
927 2489 1020 2546 quam
1034 2472 1132 2546 philo

138 2561 248 2636 sophus
269 2579 294 2619 e.
317 2579 345 2636 g.
367 2561 405 2618 de
427 2560 596 2618 exsistentia
617 2561 719 2618 mundi
747 2570 777 2618 et
798 2561 856 2618 Dei
878 2579 915 2618 ex
942 2561 1130 2637 experientia

138 2660 167 2707 et
188 2669 225 2708 ex
246 2649 341 2708 studio
363 2649 580 2724 criteriologiae
602 2660 632 2707 et
652 2649 829 2708 theodiceae
850 2649 947 2708 hausit
959 2652 976 2708 ¹.

199 2748 255 2806 His
277 2747 441 2819 declaratis,
464 2747 502 2805 de
525 2747 678 2805 sententiis
699 2747 758 2805 iam
779 2748 922 2819 dicemus
949 2767 1026 2822 quas
1048 2749 1130 2806 circa

139 2837 338 2896 exsistentiam
366 2847 395 2895 et
415 2837 641 2894 fundamentum
663 2836 846 2895 certitudinis
866 2838 1043 2912 proferunt:
1066 2859 1128 2898 non

138 2939 238 2986 tamen
259 2928 298 2984 de
320 2925 473 2996 omnibus,
503 2926 556 2984 sed
577 2927 616 2984 dc
638 2925 672 2985 iis
694 2935 823 2993 tantum,
846 2944 972 3000 quarum
993 2930 1129 3004 cognitio

139 3036 195 3092 pro
217 3027 352 3090 tempore
375 3025 404 3073 et
424 3033 480 3090 pro
502 3033 533 3072 re
555 3015 684 3073 maxime
706 3026 750 3073 est
771 3015 855 3073 utilis.

202 3260 269 3310 ¹Cf‚
296 3262 360 3309 hanc
386 3263 543 3336 certitudinis
571 3265 720 3314 divisionem
747 3281 803 3313 cum
830 3267 929 3330 logicae
956 3269 1086 3321 divisione
1107 3274 1129 3320 in

140 3339 278 3388 naturalem
297 3349 322 3387 et
340 3339 495 3388 artificialem
516 3339 553 3404 (p,
577 3342 631 3406 10).
