2350 3700
916 4 928 6 ,,
939 2 1116 20 „mmm
1124 4 1149 7 ,-

136 152 189 203 254
246 153 286 189 Οἱ
304 151 545 189 Pnornmrnrt‘s
565 151 650 187 ENTIS
670 147 1020 187 Tauriscurrnssrtratlut's.

135 303 327 358 mendacmm:
355 300 485 357 elocutio
511 309 618 356 contra
637 308 770 355 mentem
798 316 866 354 cum
892 296 1058 354 intentione
1078 294 1122 349 fal·

135 390 234 447 leodi»
260 390 377 457 (tlara
400 420 440 428 —
463 388 591 444 «locutio
605 398 712 444 contra
725 398 857 443 mentem
871 385 932 443 sive
947 382 1048 443 verbis
1067 383 1122 439 sive

136 480 237 537 factis»
263 477 483 545 (mamam.

422 608 441 674 ξ
460 623 485 658 2.
515 611 689 660 anatem
707 611 843 659 narnus.

196 738 219 793 1.
249 736 340 793 Nulla
369 752 432 803 res,
462 734 487 791 si
517 733 619 791 stricte
647 734 812 807 loquimur,
841 731 901 789 dici
929 740 1031 807 potest
1059 729 1124 786 falsa

135 824 262 882 falsitate
282 822 496 899 metaphysica.

195 915 258 971 Res
285 912 366 970 enim
387 929 493 969 omnes
520 912 655 986 perfecte
676 912 848 968 conformes
868 918 943 1003 punt
964 927 1035 966 cum
1056 906 1125 964 ideis

137 1002 254 1059 dirmis.

195 1090 505 1149 Conformabilitatem
526 1099 625 1147 autem
647 1108 749 1147 earum
771 1106 840 1146 cum
853 1089 1009 1145 intellectu
1030 1097 1123 1143 creato

135 1181 219 1253 quod
239 1181 352 1250 attinet,

200 1289 224 1327 r.
245 1269 306 1325 Per
323 1286 353 1325 se
372 1276 401 1324 ct
413 1270 543 1343 proprie,
564 1268 583 1325 i.
600 1268 666 1326 esi
687 1268 786 1325 stricte
807 1266 958 1341 loquimur
979 1276 1069 1339 atque
1089 1263 1122 1320 de

137 1357 180 1426 iis,
202 1375 279 1431 quae
293 1376 312 1413 a
325 1376 358 1414 re
372 1356 438 1432 ipsa
457 1358 540 1428 frunt,
562 1357 644 1413 nulla
665 1374 712 1414 res
731 1367 784 1426 est,
806 1374 885 1429 quae
906 1373 943 1412 ex
964 1372 998 1412 se
1012 1352 1122 1421 habeat,

136 1456 168 1502 ut
181 1446 329 1520 producat
342 1445 547 1520 cognitionem
561 1446 741 1503 difformem.
766 1447 838 1503 Hoc
852 1444 935 1501 enim
947 1443 1033 1501 idem
1046 1452 1124 1510 esset,

136 1553 173 1591 ac
193 1535 217 1592 si
238 1553 285 1591 res
305 1544 394 1592 natae
415 1545 514 1592 esseut
534 1535 574 1592 ad
594 1552 651 1592 nos
671 1533 877 1609 decipiendos.

200 1644 225 1681 2.
247 1623 307 1679 Per
327 1623 450 1681 aca'ans
470 1633 570 1681 autem
592 1635 623 1682 et
642 1625 797 1699 improprie
822 1621 978 1695 loquendo
1003 1640 1051 1679 res
1071 1620 1125 1677 dici

136 1722 260 1786 possunt
281 1713 381 1770 falsae.

197 1801 257 1858 Per
276 1802 409 1870 accidens,
430 1801 449 1858 i.
465 1820 491 1860 e.
507 1819 546 1860 eo
560 1819 657 1873 sensu,
680 1801 763 1877 quod
777 1818 824 1859 res
839 1810 963 1876 propter
979 1798 1127 1874 quandam

137 1890 358 1950 similitudinem
384 1893 566 1961 naturalem,
594 1909 685 1965 quarn
711 1891 789 1948 inter
816 1909 849 1948 se
877 1891 1008 1960 habent,
1040 1887 1128 1946 menti

137 1990 256 2037 nostrae
286 1979 480 2054 imperfectae
511 1990 541 2037 et
569 1999 633 2037 non
663 1981 732 2038 satis
762 1980 931 2037 attendenti
964 1981 1129 2036 occasionem

136 2069 284 2142 praebent
304 2068 444 2126 iudicium
466 2070 571 2126 falsum
593 2069 632 2126 de
660 2068 731 2144 ipsis
753 2068 941 2126 efformandi.
986 2069 1040 2126 Sic
1060 2077 1130 2125 stan·

136 2175 208 2214 num
229 2157 336 2215 dicitur
356 2159 461 2215 falsum
483 2167 648 2232 argentum.

197 2247 357 2322 Improprie
376 2248 423 2304 vel
437 2248 652 2314 denominative,
675 2265 712 2305 eo
728 2246 850 2319 scilicet,
872 2246 957 2320 quod
971 2265 1032 2318 reS,
1056 2245 1128 2303 circa

138 2352 227 2407 quam
242 2336 274 2392 fit
287 2334 428 2392 iudicium
444 2336 557 2406 falsum,
580 2355 636 2411 per
650 2335 871 2394 attributionem
888 2335 1049 2409 quandam
1062 2335 1129 2392 falsi·

138 2423 204 2480 tatis
224 2424 350 2498 logicae,
371 2424 436 2499 ipsa
457 2443 577 2499 quoque
593 2426 667 2483 falsa
681 2425 795 2483 dicitur.
832 2425 882 2482 Sic
896 2425 1016 2483 idolum
1031 2424 1130 2482 dicitur

139 2512 228 2570 falsus
255 2515 336 2571 deus,
379 2513 471 2585 Quod
492 2514 516 2572 si
544 2533 773 2589 nonnumquam
794 2515 886 2572 falsae
907 2514 1053 2572 dicuntur
1082 2531 1130 2579 res,

139 2619 216 2674 quae
238 2620 301 2659 non
329 2612 396 2659 sunt
424 2603 595 2661 conformes
623 2622 691 2660 cum
712 2603 787 2661 ideis
808 2603 927 2660 artificis
950 2604 1057 2674 creati,
1080 2604 1130 2659 hoc

139 2707 200 2747 non
221 2690 278 2749 nisi
292 2690 455 2765 improprie
470 2692 626 2765 loquendo
642 2692 703 2750 dici
717 2694 800 2763 solet,
824 2693 947 2768 proprie
963 2694 1050 2751 enim
1065 2693 1131 2749 tales

140 2795 186 2835 res
206 2779 344 2836 dicuntur
365 2779 557 2854 incongruae,
580 2780 741 2852 deformes
765 2783 870 2851 malae,
893 2799 958 2838 non
980 2783 1094 2840 bonae.

201 2870 238 2926 ΙΙ.
261 2870 334 2925 Esse
356 2878 455 2926 autem
475 2887 702 2943 nonnumquam
724 2870 882 2928 falsitatem
902 2872 1025 2943 logicam
1048 2872 1080 2928 in
1099 2871 1132 2927 in·

140 2957 258 3014 tellectu
278 2956 406 3014 hominis
426 2959 474 3015 vel
495 2958 652 3015 falsitatem
673 2961 808 3016 moralem
835 2959 867 3016 in
895 2959 959 3018 eius
986 2977 1129 3028 sermone,

141 3044 324 3114 experientia
345 3045 414 3101 satis
434 3063 582 3119 superque
605 3057 721 3104 constat
730 3049 750 3105 ².

205 3241 213 3270 ¹
232 3245 323 3292 Theol.
344 3264 405 3296 mor.
427 3267 451 3298 n.
473 3263 531 3312 771.

203 3316 214 3347 ²
233 3319 271 3366 Cf.
292 3322 389 3384 Logica
406 3344 431 3389 p.
455 3342 503 3390 132
523 3339 547 3376 et
570 3332 627 3390 169.
