<?xml version="1.0" encoding="UTF-8"?>
<!DOCTYPE html PUBLIC "-//W3C//DTD XHTML 1.0 Transitional//EN"
    "http://www.w3.org/TR/xhtml1/DTD/xhtml1-transitional.dtd">
<html xmlns="http://www.w3.org/1999/xhtml" xml:lang="en" lang="en">
 <head>
  <title>
</title>
<meta http-equiv="Content-Type" content="text/html;charset=utf-8" />
  <meta name='ocr-system' content='tesseract 3.04.00' />
  <meta name='ocr-capabilities' content='ocr_page ocr_carea ocr_par ocr_line ocrx_word'/>
</head>
<body>
  <div class='ocr_page' id='page_1' title='image "./elementaphiloso00reingoog_0310.png"; bbox 0 0 2350 3700; ppageno 0'>
   <div class='ocr_carea' id='block_1_1' title="bbox 142 140 750 202">
    <p class='ocr_par' dir='ltr' id='par_1_1' title="bbox 142 140 750 202">
     <span class='ocr_line' id='line_1_1' title="bbox 142 140 750 202; baseline 0.002 -15"><span class='ocrx_word' id='word_1_1' title='bbox 142 140 192 202; x_wconf 89' lang='lat'>278</span> <span class='ocrx_word' id='word_1_2' title='bbox 515 152 553 187; x_wconf 83' lang='lat' dir='ltr'>nn</span> <span class='ocrx_word' id='word_1_3' title='bbox 572 151 750 189; x_wconf 75' lang='lat' dir='ltr'>cnrruorns.</span> 
     </span>
    </p>
   </div>
   <div class='ocr_carea' id='block_1_2' title="bbox 140 298 1123 554">
    <p class='ocr_par' dir='ltr' id='par_1_2' title="bbox 140 298 1155 554">
     <span class='ocr_line' id='line_1_2' title="bbox 199 298 1118 376; baseline -0.002 -19"><span class='ocrx_word' id='word_1_4' title='bbox 199 302 222 358; x_wconf 90' lang='lat' dir='ltr'>l.</span> <span class='ocrx_word' id='word_1_5' title='bbox 244 300 283 358; x_wconf 91' lang='lat' dir='ltr'>Et</span> <span class='ocrx_word' id='word_1_6' title='bbox 303 300 401 376; x_wconf 90' lang='lat' dir='ltr'>primo</span> <span class='ocrx_word' id='word_1_7' title='bbox 422 299 545 374; x_wconf 89' lang='lat' dir='ltr'>quidem</span> <span class='ocrx_word' id='word_1_8' title='bbox 558 300 651 357; x_wconf 89' lang='lat' dir='ltr'>multa</span> <span class='ocrx_word' id='word_1_9' title='bbox 671 308 738 357; x_wconf 89' lang='lat' dir='ltr'>sunt</span> <span class='ocrx_word' id='word_1_10' title='bbox 751 298 928 371; x_wconf 87' lang='lat' dir='ltr'>accidentia,</span> <span class='ocrx_word' id='word_1_11' title='bbox 953 318 989 358; x_wconf 91' lang='lat' dir='ltr'>ea</span> <span class='ocrx_word' id='word_1_12' title='bbox 1007 298 1118 367; x_wconf 87' lang='lat' dir='ltr'>scilicet,</span> 
     </span>
     <span class='ocr_line' id='line_1_3' title="bbox 140 388 1120 466; baseline -0.002 -18"><span class='ocrx_word' id='word_1_13' title='bbox 140 407 218 466; x_wconf 88' lang='lat' dir='ltr'>quae</span> <span class='ocrx_word' id='word_1_14' title='bbox 247 389 279 447; x_wconf 92' lang='lat' dir='ltr'>in</span> <span class='ocrx_word' id='word_1_15' title='bbox 308 388 461 463; x_wconf 84' lang='lat' dir='ltr'>categoria</span> <span class='ocrx_word' id='word_1_16' title='bbox 486 389 638 447; x_wconf 86' lang='lat' dir='ltr'>relationis</span> <span class='ocrx_word' id='word_1_17' title='bbox 666 388 870 459; x_wconf 89' lang='lat' dir='ltr'>continentur,</span> <span class='ocrx_word' id='word_1_18' title='bbox 900 406 1027 464; x_wconf 91' lang='lat' dir='ltr'>quorum</span> <span class='ocrx_word' id='word_1_19' title='bbox 1054 406 1120 457; x_wconf 89' lang='lat' dir='ltr'>esse,</span> 
     </span>
     <span class='ocr_line' id='line_1_4' title="bbox 140 478 1123 554; baseline -0.002 -18"><span class='ocrx_word' id='word_1_20' title='bbox 140 478 303 538; x_wconf 82' lang='lat' dir='ltr'>formaliter</span> <span class='ocrx_word' id='word_1_21' title='bbox 326 488 491 554; x_wconf 90' lang='lat' dir='ltr'>sumptum,</span> <span class='ocrx_word' id='word_1_22' title='bbox 520 489 552 536; x_wconf 91' lang='lat' dir='ltr'>ut</span> <span class='ocrx_word' id='word_1_23' title='bbox 571 478 690 550; x_wconf 89' lang='lat' dir='ltr'>relati0,</span> <span class='ocrx_word' id='word_1_24' title='bbox 718 496 782 537; x_wconf 89' lang='lat' dir='ltr'>non</span> <span class='ocrx_word' id='word_1_25' title='bbox 803 478 937 537; x_wconf 88' lang='lat' dir='ltr'>consistit</span> <span class='ocrx_word' id='word_1_26' title='bbox 958 478 1015 537; x_wconf 90' lang='lat' dir='ltr'>nisi</span> <span class='ocrx_word' id='word_1_27' title='bbox 1035 478 1067 535; x_wconf 91' lang='lat' dir='ltr'>in</span> <span class='ocrx_word' id='word_1_28' title='bbox 1085 495 1123 535; x_wconf 90' lang='lat' dir='ltr'>re·</span> 
     </span>
    </p>
   </div>
   <div class='ocr_carea' id='block_1_3' title="bbox 139 566 1157 3401">
    <p class='ocr_par' dir='ltr' id='par_1_3' title="bbox 139 566 1155 911">
     <span class='ocr_line' id='line_1_5' title="bbox 139 566 1155 644; baseline -0.004 -17"><span class='ocrx_word' id='word_1_29' title='bbox 139 578 243 644; x_wconf 89' lang='lat' dir='ltr'>spectu</span> <span class='ocrx_word' id='word_1_30' title='bbox 256 567 380 626; x_wconf 91' lang='lat' dir='ltr'>subiecti</span> <span class='ocrx_word' id='word_1_31' title='bbox 394 567 434 626; x_wconf 94' lang='lat' dir='ltr'>ad</span> <span class='ocrx_word' id='word_1_32' title='bbox 448 567 542 625; x_wconf 89' lang='lat' dir='ltr'>aliud:</span> <span class='ocrx_word' id='word_1_33' title='bbox 558 566 718 625; x_wconf 83' lang='lat' dir='ltr'>similitudo</span> <span class='ocrx_word' id='word_1_34' title='bbox 733 585 758 626; x_wconf 88' lang='lat' dir='ltr'>e.</span> <span class='ocrx_word' id='word_1_35' title='bbox 770 586 809 643; x_wconf 87' lang='lat' dir='ltr'>g.,</span> <span class='ocrx_word' id='word_1_36' title='bbox 825 576 958 643; x_wconf 88' lang='lat' dir='ltr'>quaeest</span> <span class='ocrx_word' id='word_1_37' title='bbox 968 567 1046 626; x_wconf 90' lang='lat' dir='ltr'>inter</span> <span class='ocrx_word' id='word_1_38' title='bbox 1056 566 1124 624; x_wconf 89' lang='lat' dir='ltr'>duos</span> <span class='ocrx_word' id='word_1_39' title='bbox 1154 574 1155 589; x_wconf 65' lang='lat'>¹</span> 
     </span>
     <span class='ocr_line' id='line_1_6' title="bbox 139 656 1155 723; baseline -0.004 -8"><span class='ocrx_word' id='word_1_40' title='bbox 139 656 276 715; x_wconf 89' lang='lat' dir='ltr'>homines</span> <span class='ocrx_word' id='word_1_41' title='bbox 304 656 438 715; x_wconf 89' lang='lat' dir='ltr'>eiusdem</span> <span class='ocrx_word' id='word_1_42' title='bbox 465 656 582 715; x_wconf 92' lang='lat' dir='ltr'>indolis.</span> <span class='ocrx_word' id='word_1_43' title='bbox 625 656 712 714; x_wconf 86' lang='lat' dir='ltr'>Haec</span> <span class='ocrx_word' id='word_1_44' title='bbox 733 656 901 714; x_wconf 87' lang='lat' dir='ltr'>accidentia</span> <span class='ocrx_word' id='word_1_45' title='bbox 928 656 1070 715; x_wconf 80' lang='lat' dir='ltr'>dictmtur</span> <span class='ocrx_word' id='word_1_46' title='bbox 1089 674 1125 711; x_wconf 86' lang='lat' dir='ltr'>oc·</span> <span class='ocrx_word' id='word_1_47' title='bbox 1154 706 1155 723; x_wconf 65' lang='lat'>,</span> 
     </span>
     <span class='ocr_line' id='line_1_7' title="bbox 139 745 1127 820; baseline -0.003 -17"><span class='ocrx_word' id='word_1_48' title='bbox 139 746 258 803; x_wconf 68' lang='lat' dir='ltr'>edentia</span> <span class='ocrx_word' id='word_1_49' title='bbox 276 754 399 813; x_wconf 77' lang='lat' dir='ltr'>relativa,</span> <span class='ocrx_word' id='word_1_50' title='bbox 424 756 454 804; x_wconf 91' lang='lat' dir='ltr'>et</span> <span class='ocrx_word' id='word_1_51' title='bbox 474 745 668 804; x_wconf 89' lang='lat' dir='ltr'>definiuntur:</span> <span class='ocrx_word' id='word_1_52' title='bbox 698 746 864 815; x_wconf 86' lang='lat' dir='ltr'>accidentia,</span> <span class='ocrx_word' id='word_1_53' title='bbox 886 764 959 820; x_wconf 81' lang='lat' dir='ltr'>quoe</span> <span class='ocrx_word' id='word_1_54' title='bbox 979 747 1127 803; x_wconf 81' lang='lat' dir='ltr'>mnsz&#39;stonl</span> 
     </span>
     <span class='ocr_line' id='line_1_8' title="bbox 139 835 1155 911; baseline 0 -19"><span class='ocrx_word' id='word_1_55' title='bbox 139 838 170 893; x_wconf 86' lang='lat' dir='ltr'>in</span> <span class='ocrx_word' id='word_1_56' title='bbox 191 842 314 911; x_wconf 83' lang='lat' dir='ltr'>respectu</span> <span class='ocrx_word' id='word_1_57' title='bbox 333 835 447 893; x_wconf 81' lang='lat' dir='ltr'>subiecti</span> <span class='ocrx_word' id='word_1_58' title='bbox 465 836 507 892; x_wconf 82' lang='lat' dir='ltr'>ad</span> <span class='ocrx_word' id='word_1_59' title='bbox 523 836 611 893; x_wconf 82' lang='lat' dir='ltr'>aliud.</span> <span class='ocrx_word' id='word_1_60' title='bbox 694 850 695 853; x_wconf 72' lang='grc'>’</span> <span class='ocrx_word' id='word_1_61' title='bbox 1154 852 1155 863; x_wconf 67' lang='grc'>’</span> 
     </span>
    </p>

    <p class='ocr_par' dir='ltr' id='par_1_4' title="bbox 140 923 1156 2250">
     <span class='ocr_line' id='line_1_9' title="bbox 201 923 1128 984; baseline 0 -3"><span class='ocrx_word' id='word_1_62' title='bbox 201 926 239 982; x_wconf 89' lang='lat' dir='ltr'>Il.</span> <span class='ocrx_word' id='word_1_63' title='bbox 269 925 440 984; x_wconf 88' lang='lat' dir='ltr'>Secundum</span> <span class='ocrx_word' id='word_1_64' title='bbox 461 924 643 983; x_wconf 88' lang='lat' dir='ltr'>cartesianos</span> <span class='ocrx_word' id='word_1_65' title='bbox 672 925 773 984; x_wconf 91' lang='lat' dir='ltr'>omnia</span> <span class='ocrx_word' id='word_1_66' title='bbox 801 923 968 983; x_wconf 90' lang='lat' dir='ltr'>accidentia</span> <span class='ocrx_word' id='word_1_67' title='bbox 995 926 1044 982; x_wconf 93' lang='lat' dir='ltr'>vel</span> <span class='ocrx_word' id='word_1_68' title='bbox 1066 934 1128 983; x_wconf 87' lang='lat' dir='ltr'>sunt</span> 
     </span>
     <span class='ocr_line' id='line_1_10' title="bbox 140 1013 1128 1090; baseline -0.001 -19"><span class='ocrx_word' id='word_1_69' title='bbox 140 1014 263 1072; x_wconf 90' lang='lat' dir='ltr'>relativa</span> <span class='ocrx_word' id='word_1_70' title='bbox 289 1015 338 1073; x_wconf 89' lang='lat' dir='ltr'>vel</span> <span class='ocrx_word' id='word_1_71' title='bbox 365 1013 437 1090; x_wconf 89' lang='lat' dir='ltr'>ipsis</span> <span class='ocrx_word' id='word_1_72' title='bbox 460 1014 649 1089; x_wconf 85' lang='lat' dir='ltr'>aequiperari</span> <span class='ocrx_word' id='word_1_73' title='bbox 670 1024 810 1089; x_wconf 82' lang='lat' dir='ltr'><strong>possunt,</strong></span> <span class='ocrx_word' id='word_1_74' title='bbox 842 1022 987 1088; x_wconf 90' lang='lat' dir='ltr'>quatenus</span> <span class='ocrx_word' id='word_1_75' title='bbox 1017 1014 1128 1071; x_wconf 89' lang='lat' dir='ltr'>nullam</span> 
     </span>
     <span class='ocr_line' id='line_1_11' title="bbox 140 1102 1129 1178; baseline -0.002 -17"><span class='ocrx_word' id='word_1_76' title='bbox 140 1102 275 1161; x_wconf 91' lang='lat' dir='ltr'>subiecto</span> <span class='ocrx_word' id='word_1_77' title='bbox 296 1103 423 1161; x_wconf 85' lang='lat' dir='ltr'>afferunt</span> <span class='ocrx_word' id='word_1_78' title='bbox 444 1102 605 1175; x_wconf 78' lang='lat' dir='ltr'>entitatem,</span> <span class='ocrx_word' id='word_1_79' title='bbox 629 1120 706 1178; x_wconf 89' lang='lat' dir='ltr'>quae</span> <span class='ocrx_word' id='word_1_80' title='bbox 727 1102 764 1161; x_wconf 91' lang='lat' dir='ltr'>sit</span> <span class='ocrx_word' id='word_1_81' title='bbox 777 1121 825 1161; x_wconf 91' lang='lat' dir='ltr'>res</span> <span class='ocrx_word' id='word_1_82' title='bbox 845 1103 903 1161; x_wconf 85' lang='lat' dir='ltr'>alia</span> <span class='ocrx_word' id='word_1_83' title='bbox 923 1121 959 1161; x_wconf 89' lang='lat' dir='ltr'>ac</span> <span class='ocrx_word' id='word_1_84' title='bbox 980 1102 1046 1177; x_wconf 90' lang='lat' dir='ltr'>ipsa</span> <span class='ocrx_word' id='word_1_85' title='bbox 1068 1102 1129 1160; x_wconf 91' lang='lat' dir='ltr'>sub-</span> 
     </span>
     <span class='ocr_line' id='line_1_12' title="bbox 140 1191 1129 1268; baseline 0 -19"><span class='ocrx_word' id='word_1_86' title='bbox 140 1191 255 1250; x_wconf 85' lang='lat' dir='ltr'>stantia.</span> <span class='ocrx_word' id='word_1_87' title='bbox 299 1191 492 1268; x_wconf 89' lang='lat' dir='ltr'>Quapropter</span> <span class='ocrx_word' id='word_1_88' title='bbox 512 1202 625 1267; x_wconf 87' lang='lat' dir='ltr'>negant</span> <span class='ocrx_word' id='word_1_89' title='bbox 645 1192 701 1268; x_wconf 92' lang='lat' dir='ltr'>ipsi</span> <span class='ocrx_word' id='word_1_90' title='bbox 721 1192 799 1250; x_wconf 90' lang='lat' dir='ltr'>inter</span> <span class='ocrx_word' id='word_1_91' title='bbox 819 1192 1012 1252; x_wconf 88' lang='lat' dir='ltr'>substantiam</span> <span class='ocrx_word' id='word_1_92' title='bbox 1033 1200 1065 1249; x_wconf 93' lang='lat' dir='ltr'>et</span> <span class='ocrx_word' id='word_1_93' title='bbox 1085 1212 1129 1249; x_wconf 90' lang='lat' dir='ltr'>ac·</span> 
     </span>
     <span class='ocr_line' id='line_1_13' title="bbox 141 1280 1156 1359; baseline -0.002 -20"><span class='ocrx_word' id='word_1_94' title='bbox 141 1280 271 1340; x_wconf 91' lang='lat' dir='ltr'>cidentia</span> <span class='ocrx_word' id='word_1_95' title='bbox 292 1280 354 1341; x_wconf 90' lang='lat' dir='ltr'>eius</span> <span class='ocrx_word' id='word_1_96' title='bbox 374 1299 439 1340; x_wconf 91' lang='lat' dir='ltr'>esse</span> <span class='ocrx_word' id='word_1_97' title='bbox 460 1280 682 1339; x_wconf 87' lang='lat' dir='ltr'>distinctionem</span> <span class='ocrx_word' id='word_1_98' title='bbox 702 1282 821 1340; x_wconf 87' lang='lat' dir='ltr'>realem.</span> <span class='ocrx_word' id='word_1_99' title='bbox 865 1281 924 1339; x_wconf 90' lang='lat' dir='ltr'>Sed</span> <span class='ocrx_word' id='word_1_100' title='bbox 946 1292 1050 1339; x_wconf 88' lang='lat' dir='ltr'>contra</span> <span class='ocrx_word' id='word_1_101' title='bbox 1065 1281 1129 1338; x_wconf 93' lang='lat' dir='ltr'>illos</span> <span class='ocrx_word' id='word_1_102' title='bbox 1155 1310 1156 1359; x_wconf 45' lang='lat' dir='ltr'>q</span> 
     </span>
     <span class='ocr_line' id='line_1_14' title="bbox 140 1370 1130 1446; baseline 0.002 -19"><span class='ocrx_word' id='word_1_103' title='bbox 140 1370 328 1429; x_wconf 81' lang='lat' dir='ltr'>contendimus</span> <span class='ocrx_word' id='word_1_104' title='bbox 348 1388 404 1428; x_wconf 86' lang='lat' dir='ltr'>esse</span> <span class='ocrx_word' id='word_1_105' title='bbox 424 1371 567 1446; x_wconf 83' lang='lat' dir='ltr'>complura</span> <span class='ocrx_word' id='word_1_106' title='bbox 587 1372 754 1440; x_wconf 83' lang='lat' dir='ltr'>occidentia,</span> <span class='ocrx_word' id='word_1_107' title='bbox 778 1390 897 1445; x_wconf 83' lang='lat' dir='ltr'>quornm</span> <span class='ocrx_word' id='word_1_108' title='bbox 918 1389 973 1428; x_wconf 84' lang='lat' dir='ltr'>esse</span> <span class='ocrx_word' id='word_1_109' title='bbox 993 1390 1050 1429; x_wconf 89' lang='lat' dir='ltr'>non</span> <span class='ocrx_word' id='word_1_110' title='bbox 1072 1388 1130 1429; x_wconf 86' lang='lat' dir='ltr'>con·</span> 
     </span>
     <span class='ocr_line' id='line_1_15' title="bbox 140 1460 1130 1536; baseline -0.002 -20"><span class='ocrx_word' id='word_1_111' title='bbox 140 1462 215 1517; x_wconf 85' lang='lat' dir='ltr'>sistit</span> <span class='ocrx_word' id='word_1_112' title='bbox 226 1462 256 1518; x_wconf 92' lang='lat' dir='ltr'>in</span> <span class='ocrx_word' id='word_1_113' title='bbox 271 1478 347 1518; x_wconf 78' lang='lat' dir='ltr'>mero</span> <span class='ocrx_word' id='word_1_114' title='bbox 361 1468 484 1535; x_wconf 83' lang='lat' dir='ltr'>respectu</span> <span class='ocrx_word' id='word_1_115' title='bbox 496 1460 610 1517; x_wconf 82' lang='lat' dir='ltr'>subiecti</span> <span class='ocrx_word' id='word_1_116' title='bbox 622 1460 664 1516; x_wconf 87' lang='lat' dir='ltr'>od</span> <span class='ocrx_word' id='word_1_117' title='bbox 674 1461 761 1529; x_wconf 84' lang='lat' dir='ltr'>alino&#39;,</span> <span class='ocrx_word' id='word_1_118' title='bbox 783 1461 835 1517; x_wconf 86' lang='lat' dir='ltr'>sed</span> <span class='ocrx_word' id='word_1_119' title='bbox 843 1478 915 1535; x_wconf 86' lang='lat' dir='ltr'>quoe</span> <span class='ocrx_word' id='word_1_120' title='bbox 927 1460 1130 1536; x_wconf 71' lang='lat' dir='ltr'>perfectionem</span> 
     </span>
     <span class='ocr_line' id='line_1_16' title="bbox 141 1548 1132 1625; baseline 0 -19"><span class='ocrx_word' id='word_1_121' title='bbox 141 1550 245 1606; x_wconf 84' lang='lat' dir='ltr'>realem</span> <span class='ocrx_word' id='word_1_122' title='bbox 270 1551 387 1607; x_wconf 73' lang='lat' dir='ltr'>summ</span> <span class='ocrx_word' id='word_1_123' title='bbox 413 1550 551 1623; x_wconf 81' lang='lat' dir='ltr'>offerunt.</span> <span class='ocrx_word' id='word_1_124' title='bbox 595 1550 667 1607; x_wconf 91' lang='lat' dir='ltr'>Hoc</span> <span class='ocrx_word' id='word_1_125' title='bbox 687 1549 766 1607; x_wconf 91' lang='lat' dir='ltr'>enim</span> <span class='ocrx_word' id='word_1_126' title='bbox 787 1548 919 1608; x_wconf 90' lang='lat' dir='ltr'>evidenti</span> <span class='ocrx_word' id='word_1_127' title='bbox 939 1560 1065 1625; x_wconf 85' lang='lat' dir='ltr'>apparet</span> <span class='ocrx_word' id='word_1_128' title='bbox 1086 1567 1132 1607; x_wconf 85' lang='lat' dir='ltr'>ex·</span> 
     </span>
     <span class='ocr_line' id='line_1_17' title="bbox 141 1637 1133 1715; baseline -0.002 -18"><span class='ocrx_word' id='word_1_129' title='bbox 141 1638 288 1713; x_wconf 88' lang='lat' dir='ltr'>perientia</span> <span class='ocrx_word' id='word_1_130' title='bbox 300 1649 363 1697; x_wconf 90' lang='lat' dir='ltr'>tum</span> <span class='ocrx_word' id='word_1_131' title='bbox 377 1637 494 1697; x_wconf 92' lang='lat' dir='ltr'>interna</span> <span class='ocrx_word' id='word_1_132' title='bbox 507 1648 569 1695; x_wconf 91' lang='lat' dir='ltr'>tum</span> <span class='ocrx_word' id='word_1_133' title='bbox 583 1648 714 1697; x_wconf 89' lang='lat' dir='ltr'>externa.</span> <span class='ocrx_word' id='word_1_134' title='bbox 750 1638 836 1697; x_wconf 88' lang='lat' dir='ltr'>Clare</span> <span class='ocrx_word' id='word_1_135' title='bbox 851 1637 931 1697; x_wconf 91' lang='lat' dir='ltr'>enim</span> <span class='ocrx_word' id='word_1_136' title='bbox 949 1638 1133 1715; x_wconf 87' lang='lat' dir='ltr'>percipimus</span> 
     </span>
     <span class='ocr_line' id='line_1_18' title="bbox 142 1727 1134 1803; baseline 0 -18"><span class='ocrx_word' id='word_1_137' title='bbox 142 1728 174 1785; x_wconf 90' lang='lat' dir='ltr'>in</span> <span class='ocrx_word' id='word_1_138' title='bbox 194 1727 298 1799; x_wconf 85' lang='lat' dir='ltr'>nobis,</span> <span class='ocrx_word' id='word_1_139' title='bbox 320 1727 482 1786; x_wconf 86' lang='lat' dir='ltr'>substantia</span> <span class='ocrx_word' id='word_1_140' title='bbox 502 1727 608 1786; x_wconf 89' lang='lat' dir='ltr'>eadem</span> <span class='ocrx_word' id='word_1_141' title='bbox 630 1738 839 1803; x_wconf 88' lang='lat' dir='ltr'>permanente,</span> <span class='ocrx_word' id='word_1_142' title='bbox 868 1728 931 1786; x_wconf 89' lang='lat' dir='ltr'>fieri</span> <span class='ocrx_word' id='word_1_143' title='bbox 953 1727 1134 1787; x_wconf 90' lang='lat' dir='ltr'>mutationes</span> 
     </span>
     <span class='ocr_line' id='line_1_19' title="bbox 143 1816 1133 1894; baseline 0.002 -18"><span class='ocrx_word' id='word_1_144' title='bbox 143 1818 253 1889; x_wconf 84' lang='lat' dir='ltr'>reales,</span> <span class='ocrx_word' id='word_1_145' title='bbox 281 1836 337 1876; x_wconf 93' lang='lat' dir='ltr'>nos</span> <span class='ocrx_word' id='word_1_146' title='bbox 358 1835 383 1876; x_wconf 91' lang='lat' dir='ltr'>e.</span> <span class='ocrx_word' id='word_1_147' title='bbox 406 1836 433 1893; x_wconf 85' lang='lat' dir='ltr'>g.</span> <span class='ocrx_word' id='word_1_148' title='bbox 456 1816 494 1876; x_wconf 86' lang='lat' dir='ltr'>de</span> <span class='ocrx_word' id='word_1_149' title='bbox 515 1816 650 1894; x_wconf 88' lang='lat' dir='ltr'>potentia</span> <span class='ocrx_word' id='word_1_150' title='bbox 671 1816 845 1892; x_wconf 87' lang='lat' dir='ltr'>acquirendi</span> <span class='ocrx_word' id='word_1_151' title='bbox 865 1817 1035 1889; x_wconf 89' lang='lat' dir='ltr'>scientiam,</span> <span class='ocrx_word' id='word_1_152' title='bbox 1065 1817 1086 1876; x_wconf 92' lang='lat' dir='ltr'>i.</span> <span class='ocrx_word' id='word_1_153' title='bbox 1109 1834 1133 1879; x_wconf 91' lang='lat' dir='ltr'>e.</span> 
     </span>
     <span class='ocr_line' id='line_1_20' title="bbox 143 1906 1135 1982; baseline 0 -17"><span class='ocrx_word' id='word_1_154' title='bbox 143 1908 182 1965; x_wconf 91' lang='lat' dir='ltr'>de</span> <span class='ocrx_word' id='word_1_155' title='bbox 203 1907 379 1982; x_wconf 88' lang='lat' dir='ltr'>ignorantia,</span> <span class='ocrx_word' id='word_1_156' title='bbox 401 1907 526 1966; x_wconf 90' lang='lat' dir='ltr'>transire</span> <span class='ocrx_word' id='word_1_157' title='bbox 541 1907 580 1966; x_wconf 90' lang='lat' dir='ltr'>ad</span> <span class='ocrx_word' id='word_1_158' title='bbox 595 1917 694 1966; x_wconf 90' lang='lat' dir='ltr'>actum</span> <span class='ocrx_word' id='word_1_159' title='bbox 709 1907 869 1981; x_wconf 79' lang='lat' dir='ltr'>scientiae3</span> <span class='ocrx_word' id='word_1_160' title='bbox 890 1906 1046 1965; x_wconf 89' lang='lat' dir='ltr'>scientiam</span> <span class='ocrx_word' id='word_1_161' title='bbox 1060 1926 1135 1966; x_wconf 91' lang='lat' dir='ltr'>vero</span> 
     </span>
     <span class='ocr_line' id='line_1_21' title="bbox 141 1995 1137 2073; baseline 0.001 -19"><span class='ocrx_word' id='word_1_162' title='bbox 141 1996 224 2055; x_wconf 87' lang='lat' dir='ltr'>illam</span> <span class='ocrx_word' id='word_1_163' title='bbox 234 2013 298 2055; x_wconf 93' lang='lat' dir='ltr'>esse</span> <span class='ocrx_word' id='word_1_164' title='bbox 308 1997 461 2055; x_wconf 89' lang='lat' dir='ltr'>entitatem</span> <span class='ocrx_word' id='word_1_165' title='bbox 470 1999 518 2056; x_wconf 91' lang='lat' dir='ltr'>vel</span> <span class='ocrx_word' id='word_1_166' title='bbox 527 1996 746 2073; x_wconf 82' lang='lat' dir='ltr'>perfectionem</span> <span class='ocrx_word' id='word_1_167' title='bbox 755 2014 872 2066; x_wconf 90' lang='lat' dir='ltr'>novam,</span> <span class='ocrx_word' id='word_1_168' title='bbox 885 1995 1003 2054; x_wconf 89' lang='lat' dir='ltr'>animae</span> <span class='ocrx_word' id='word_1_169' title='bbox 1013 2007 1137 2055; x_wconf 88' lang='lat' dir='ltr'>nostrae</span> 
     </span>
     <span class='ocr_line' id='line_1_22' title="bbox 143 2085 1137 2161; baseline 0 -18"><span class='ocrx_word' id='word_1_170' title='bbox 143 2085 373 2160; x_wconf 88' lang='lat' dir='ltr'>superadditam,</span> <span class='ocrx_word' id='word_1_171' title='bbox 395 2104 458 2144; x_wconf 93' lang='lat' dir='ltr'>non</span> <span class='ocrx_word' id='word_1_172' title='bbox 472 2103 587 2144; x_wconf 88' lang='lat' dir='ltr'>merum</span> <span class='ocrx_word' id='word_1_173' title='bbox 603 2095 779 2161; x_wconf 89' lang='lat' dir='ltr'>respectum,</span> <span class='ocrx_word' id='word_1_174' title='bbox 795 2085 889 2161; x_wconf 92' lang='lat' dir='ltr'>qualis</span> <span class='ocrx_word' id='word_1_175' title='bbox 908 2086 938 2142; x_wconf 90' lang='lat' dir='ltr'>in</span> <span class='ocrx_word' id='word_1_176' title='bbox 952 2086 1042 2144; x_wconf 91' lang='lat' dir='ltr'>nobis</span> <span class='ocrx_word' id='word_1_177' title='bbox 1056 2098 1137 2145; x_wconf 91' lang='lat' dir='ltr'>esset</span> 
     </span>
     <span class='ocr_line' id='line_1_23' title="bbox 145 2175 664 2250; baseline 0.002 -18"><span class='ocrx_word' id='word_1_178' title='bbox 145 2192 170 2232; x_wconf 92' lang='lat' dir='ltr'>e.</span> <span class='ocrx_word' id='word_1_179' title='bbox 186 2193 213 2249; x_wconf 84' lang='lat' dir='ltr'>g.</span> <span class='ocrx_word' id='word_1_180' title='bbox 240 2193 322 2232; x_wconf 75' lang='lat' dir='ltr'>«esse</span> <span class='ocrx_word' id='word_1_181' title='bbox 342 2176 512 2250; x_wconf 78' lang='lat' dir='ltr'>cognitum»</span> <span class='ocrx_word' id='word_1_182' title='bbox 536 2176 574 2234; x_wconf 91' lang='lat' dir='ltr'>ab</span> <span class='ocrx_word' id='word_1_183' title='bbox 597 2175 664 2233; x_wconf 92' lang='lat' dir='ltr'>alio.</span> 
     </span>
    </p>

    <p class='ocr_par' dir='ltr' id='par_1_5' title="bbox 141 2263 1157 2412">
     <span class='ocr_line' id='line_1_24' title="bbox 203 2263 1157 2338; baseline 0.002 -19"><span class='ocrx_word' id='word_1_184' title='bbox 203 2263 287 2321; x_wconf 88' lang='lat' dir='ltr'>Idem</span> <span class='ocrx_word' id='word_1_185' title='bbox 309 2265 389 2323; x_wconf 91' lang='lat' dir='ltr'>clare</span> <span class='ocrx_word' id='word_1_186' title='bbox 403 2263 537 2322; x_wconf 89' lang='lat' dir='ltr'>videmus</span> <span class='ocrx_word' id='word_1_187' title='bbox 558 2265 706 2322; x_wconf 90' lang='lat' dir='ltr'>multoties</span> <span class='ocrx_word' id='word_1_188' title='bbox 725 2263 787 2322; x_wconf 88' lang='lat' dir='ltr'>fieri</span> <span class='ocrx_word' id='word_1_189' title='bbox 809 2263 839 2320; x_wconf 88' lang='lat' dir='ltr'>in</span> <span class='ocrx_word' id='word_1_190' title='bbox 861 2263 1030 2322; x_wconf 89' lang='lat' dir='ltr'>substantiis</span> <span class='ocrx_word' id='word_1_191' title='bbox 1051 2275 1135 2322; x_wconf 86' lang='lat' dir='ltr'>extra</span> <span class='ocrx_word' id='word_1_192' title='bbox 1156 2291 1157 2338; x_wconf 78' lang='lat'>,</span> 
     </span>
     <span class='ocr_line' id='line_1_25' title="bbox 141 2347 1157 2412; baseline 0.009 -4"><span class='ocrx_word' id='word_1_193' title='bbox 141 2369 197 2410; x_wconf 94' lang='lat' dir='ltr'>nos</span> <span class='ocrx_word' id='word_1_194' title='bbox 218 2352 431 2412; x_wconf 84' lang='lat' dir='ltr'>exsistentibus.</span> <span class='ocrx_word' id='word_1_195' title='bbox 1156 2347 1157 2358; x_wconf 38' lang='lat'>¹</span> 
     </span>
    </p>

    <p class='ocr_par' dir='ltr' id='par_1_6' title="bbox 142 2441 1140 3052">
     <span class='ocr_line' id='line_1_26' title="bbox 204 2441 1136 2518; baseline 0.002 -20"><span class='ocrx_word' id='word_1_196' title='bbox 204 2441 382 2500; x_wconf 88' lang='lat' dir='ltr'>Accidentia</span> <span class='ocrx_word' id='word_1_197' title='bbox 409 2461 482 2501; x_wconf 89' lang='lat' dir='ltr'>vero</span> <span class='ocrx_word' id='word_1_198' title='bbox 510 2444 575 2513; x_wconf 93' lang='lat' dir='ltr'>illa,</span> <span class='ocrx_word' id='word_1_199' title='bbox 606 2461 682 2518; x_wconf 88' lang='lat' dir='ltr'>quae</span> <span class='ocrx_word' id='word_1_200' title='bbox 711 2444 821 2501; x_wconf 88' lang='lat' dir='ltr'>realem</span> <span class='ocrx_word' id='word_1_201' title='bbox 849 2442 982 2500; x_wconf 89' lang='lat' dir='ltr'>subiecto</span> <span class='ocrx_word' id='word_1_202' title='bbox 1005 2443 1136 2500; x_wconf 86' lang='lat' dir='ltr'>afferunt</span> 
     </span>
     <span class='ocr_line' id='line_1_27' title="bbox 143 2531 1137 2606; baseline 0 -18"><span class='ocrx_word' id='word_1_203' title='bbox 143 2531 374 2606; x_wconf 85' lang='lat' dir='ltr'>perfectionem,</span> <span class='ocrx_word' id='word_1_204' title='bbox 406 2532 543 2590; x_wconf 89' lang='lat' dir='ltr'>dicuntur</span> <span class='ocrx_word' id='word_1_205' title='bbox 571 2533 722 2590; x_wconf 83' lang='lat' dir='ltr'>occidentia</span> <span class='ocrx_word' id='word_1_206' title='bbox 748 2541 877 2591; x_wconf 79' lang='lat' dir='ltr'>absoluta</span> <span class='ocrx_word' id='word_1_207' title='bbox 903 2533 934 2588; x_wconf 87' lang='lat' dir='ltr'>in</span> <span class='ocrx_word' id='word_1_208' title='bbox 963 2549 1046 2589; x_wconf 85' lang='lat' dir='ltr'>sensu</span> <span class='ocrx_word' id='word_1_209' title='bbox 1075 2533 1137 2588; x_wconf 85' lang='lat' dir='ltr'>lato</span> 
     </span>
     <span class='ocr_line' id='line_1_28' title="bbox 142 2620 1140 2696; baseline 0 -19"><span class='ocrx_word' id='word_1_210' title='bbox 142 2630 172 2677; x_wconf 87' lang='lat' dir='ltr'>et</span> <span class='ocrx_word' id='word_1_211' title='bbox 200 2620 394 2678; x_wconf 85' lang='lat' dir='ltr'>definiuntur:</span> <span class='ocrx_word' id='word_1_212' title='bbox 430 2623 597 2691; x_wconf 66' lang='lat' dir='ltr'>occidentia,</span> <span class='ocrx_word' id='word_1_213' title='bbox 632 2639 704 2696; x_wconf 82' lang='lat' dir='ltr'>quoe</span> <span class='ocrx_word' id='word_1_214' title='bbox 733 2622 836 2678; x_wconf 82' lang='lat' dir='ltr'>realem</span> <span class='ocrx_word' id='word_1_215' title='bbox 860 2620 1065 2696; x_wconf 81' lang='lat' dir='ltr'>perfectionem</span> <span class='ocrx_word' id='word_1_216' title='bbox 1093 2623 1140 2679; x_wconf 81' lang='lat' dir='ltr'>vel</span> 
     </span>
     <span class='ocr_line' id='line_1_29' title="bbox 142 2709 1137 2785; baseline 0.002 -21"><span class='ocrx_word' id='word_1_217' title='bbox 142 2716 233 2766; x_wconf 85' lang='lat' dir='ltr'>actum</span> <span class='ocrx_word' id='word_1_218' title='bbox 260 2710 377 2768; x_wconf 87' lang='lat' dir='ltr'>subiecto</span> <span class='ocrx_word' id='word_1_219' title='bbox 404 2711 542 2784; x_wconf 81' lang='lat' dir='ltr'>offerunt.</span> <span class='ocrx_word' id='word_1_220' title='bbox 590 2711 675 2768; x_wconf 90' lang='lat' dir='ltr'>Talia</span> <span class='ocrx_word' id='word_1_221' title='bbox 703 2720 769 2768; x_wconf 92' lang='lat' dir='ltr'>sunt</span> <span class='ocrx_word' id='word_1_222' title='bbox 798 2709 945 2785; x_wconf 89' lang='lat' dir='ltr'>quantitas</span> <span class='ocrx_word' id='word_1_223' title='bbox 973 2727 998 2767; x_wconf 92' lang='lat' dir='ltr'>e.</span> <span class='ocrx_word' id='word_1_224' title='bbox 1029 2727 1059 2784; x_wconf 89' lang='lat' dir='ltr'>g.</span> <span class='ocrx_word' id='word_1_225' title='bbox 1089 2711 1137 2768; x_wconf 88' lang='lat' dir='ltr'>vel</span> 
     </span>
     <span class='ocr_line' id='line_1_30' title="bbox 143 2799 1137 2875; baseline 0.002 -20"><span class='ocrx_word' id='word_1_226' title='bbox 143 2799 276 2872; x_wconf 87' lang='lat' dir='ltr'>qualitas.</span> <span class='ocrx_word' id='word_1_227' title='bbox 312 2801 376 2857; x_wconf 88' lang='lat' dir='ltr'>Iam</span> <span class='ocrx_word' id='word_1_228' title='bbox 397 2817 468 2857; x_wconf 87' lang='lat' dir='ltr'>vero</span> <span class='ocrx_word' id='word_1_229' title='bbox 490 2800 529 2857; x_wconf 91' lang='lat' dir='ltr'>ad</span> <span class='ocrx_word' id='word_1_230' title='bbox 543 2799 669 2875; x_wconf 87' lang='lat' dir='ltr'>gradum</span> <span class='ocrx_word' id='word_1_231' title='bbox 691 2799 819 2858; x_wconf 89' lang='lat' dir='ltr'>entitatis</span> <span class='ocrx_word' id='word_1_232' title='bbox 833 2799 918 2858; x_wconf 92' lang='lat' dir='ltr'>huius</span> <span class='ocrx_word' id='word_1_233' title='bbox 939 2799 1137 2874; x_wconf 88' lang='lat' dir='ltr'>perfectionis</span> 
     </span>
     <span class='ocr_line' id='line_1_31' title="bbox 144 2887 1137 2965; baseline 0.001 -21"><span class='ocrx_word' id='word_1_234' title='bbox 144 2887 339 2960; x_wconf 90' lang='lat' dir='ltr'>attendentes,</span> <span class='ocrx_word' id='word_1_235' title='bbox 361 2888 524 2947; x_wconf 89' lang='lat' dir='ltr'>accidentis</span> <span class='ocrx_word' id='word_1_236' title='bbox 545 2889 672 2948; x_wconf 87' lang='lat' dir='ltr'>absoluti</span> <span class='ocrx_word' id='word_1_237' title='bbox 693 2889 845 2965; x_wconf 89' lang='lat' dir='ltr'>duplicem</span> <span class='ocrx_word' id='word_1_238' title='bbox 865 2887 1049 2964; x_wconf 86' lang='lat' dir='ltr'>distinguere</span> <span class='ocrx_word' id='word_1_239' title='bbox 1071 2908 1137 2965; x_wconf 89' lang='lat' dir='ltr'>pos·</span> 
     </span>
     <span class='ocr_line' id='line_1_32' title="bbox 144 2978 403 3052; baseline 0.008 -19"><span class='ocrx_word' id='word_1_240' title='bbox 144 2994 243 3035; x_wconf 91' lang='lat' dir='ltr'>sumus</span> <span class='ocrx_word' id='word_1_241' title='bbox 263 2978 403 3052; x_wconf 87' lang='lat' dir='ltr'>speciem.</span> 
     </span>
    </p>

    <p class='ocr_par' dir='ltr' id='par_1_7' title="bbox 143 3066 1135 3401">
     <span class='ocr_line' id='line_1_33' title="bbox 207 3066 1135 3144; baseline 0.003 -21"><span class='ocrx_word' id='word_1_242' title='bbox 207 3086 231 3124; x_wconf 93' lang='lat'>1.</span> <span class='ocrx_word' id='word_1_243' title='bbox 253 3066 311 3124; x_wconf 90' lang='lat' dir='ltr'>Vel</span> <span class='ocrx_word' id='word_1_244' title='bbox 325 3067 406 3124; x_wconf 91' lang='lat' dir='ltr'>enim</span> <span class='ocrx_word' id='word_1_245' title='bbox 421 3069 572 3143; x_wconf 80' lang='lat' dir='ltr'>propriam</span> <span class='ocrx_word' id='word_1_246' title='bbox 591 3068 675 3125; x_wconf 76' lang='lat' dir='ltr'>habet</span> <span class='ocrx_word' id='word_1_247' title='bbox 687 3069 838 3136; x_wconf 78' lang='lat' dir='ltr'>entitatem,</span> <span class='ocrx_word' id='word_1_248' title='bbox 862 3084 939 3144; x_wconf 91' lang='lat' dir='ltr'>quae</span> <span class='ocrx_word' id='word_1_249' title='bbox 954 3067 1054 3142; x_wconf 88' lang='lat' dir='ltr'>ipsam</span> <span class='ocrx_word' id='word_1_250' title='bbox 1073 3069 1135 3126; x_wconf 92' lang='lat' dir='ltr'>sub·</span> 
     </span>
     <span class='ocr_line' id='line_1_34' title="bbox 144 3142 1135 3227; baseline 0.003 -16"><span class='ocrx_word' id='word_1_251' title='bbox 144 3154 281 3212; x_wconf 88' lang='lat' dir='ltr'>stantiam</span> <span class='ocrx_word' id='word_1_252' title='bbox 308 3155 479 3214; x_wconf 91' lang='lat' dir='ltr'>immediate</span> <span class='ocrx_word' id='word_1_253' title='bbox 500 3157 626 3227; x_wconf 84' lang='lat' dir='ltr'>afficiat,</span> <span class='ocrx_word' id='word_1_254' title='bbox 656 3167 685 3214; x_wconf 93' lang='lat' dir='ltr'>et</span> <span class='ocrx_word' id='word_1_255' title='bbox 705 3167 776 3215; x_wconf 90' lang='lat' dir='ltr'>tunc</span> <span class='ocrx_word' id='word_1_256' title='bbox 798 3142 905 3214; x_wconf 53' lang='lat' dir='ltr'>dicitu}</span> <span class='ocrx_word' id='word_1_257' title='bbox 925 3157 1073 3216; x_wconf 89' lang='lat' dir='ltr'>accidens</span> <span class='ocrx_word' id='word_1_258' title='bbox 1093 3159 1135 3214; x_wconf 73' lang='lat' dir='ltr'>ao</span> 
     </span>
     <span class='ocr_line' id='line_1_35' title="bbox 143 3238 1132 3305; baseline 0.005 -7"><span class='ocrx_word' id='word_1_259' title='bbox 143 3244 263 3299; x_wconf 80' lang='lat' dir='ltr'>solutum</span> <span class='ocrx_word' id='word_1_260' title='bbox 284 3245 314 3299; x_wconf 89' lang='lat' dir='ltr'>in</span> <span class='ocrx_word' id='word_1_261' title='bbox 335 3263 416 3300; x_wconf 85' lang='lat' dir='ltr'>sensu</span> <span class='ocrx_word' id='word_1_262' title='bbox 436 3247 537 3302; x_wconf 86' lang='lat' dir='ltr'>stricto.</span> <span class='ocrx_word' id='word_1_263' title='bbox 574 3246 656 3303; x_wconf 89' lang='lat' dir='ltr'>Talis</span> <span class='ocrx_word' id='word_1_264' title='bbox 678 3238 873 3304; x_wconf 81' lang='lat' dir='ltr'>communiter</span> <span class='ocrx_word' id='word_1_265' title='bbox 887 3244 998 3304; x_wconf 89' lang='lat' dir='ltr'>dicitnr</span> <span class='ocrx_word' id='word_1_266' title='bbox 1020 3265 1087 3305; x_wconf 91' lang='lat' dir='ltr'>esse</span> <span class='ocrx_word' id='word_1_267' title='bbox 1107 3247 1132 3304; x_wconf 88' lang='lat' dir='ltr'>in</span> 
     </span>
     <span class='ocr_line' id='line_1_36' title="bbox 144 3327 1033 3401; baseline 0.012 -20"><span class='ocrx_word' id='word_1_268' title='bbox 144 3328 319 3399; x_wconf 89' lang='lat' dir='ltr'>corporibus</span> <span class='ocrx_word' id='word_1_269' title='bbox 341 3331 486 3401; x_wconf 90' lang='lat' dir='ltr'>quantitas</span> <span class='ocrx_word' id='word_1_270' title='bbox 507 3334 554 3390; x_wconf 89' lang='lat' dir='ltr'>vel</span> <span class='ocrx_word' id='word_1_271' title='bbox 575 3333 717 3392; x_wconf 83' lang='lat' dir='ltr'>extensio.</span> <span class='ocrx_word' id='word_1_272' title='bbox 1030 3327 1033 3332; x_wconf 67' lang='grc'><strong>’</strong></span> 
     </span>
    </p>
   </div>
   <div class='ocr_carea' id='block_1_4' title="bbox 0 0 1184 3700">
    <p class='ocr_par' dir='ltr' id='par_1_8' title="bbox 0 0 1184 3700">
     <span class='ocr_line' id='line_1_37' title="bbox 0 0 1184 3700; baseline 0 0"><span class='ocrx_word' id='word_1_273' title='bbox 0 0 1184 3700; x_wconf 95' lang='lat' dir='ltr'> </span> 
     </span>
    </p>
   </div>
  </div>
 </body>
</html>
