2350 3700
118 156 173 206 394
310 155 351 191 Μ
369 154 468 191 cnvsls
487 153 629 190 surnms
649 153 748 189 uuum
767 152 920 189 courum.

116 303 250 379 singulae
271 302 377 361 iterum
394 301 533 361 ordinem
546 300 849 377 complicatissimum,
872 302 973 377 cogita
986 319 1016 360 e.
1032 320 1063 377 g.
1079 301 1117 360 de

116 391 350 469 complicatione
369 391 456 451 unius
475 390 666 467 organismi.»

177 493 216 548 Π.
246 491 317 549 Etsi
330 507 403 548 vero
423 488 716 565 complicatissimuS,
747 500 848 547 tamen
869 490 1117 547 constann'sszmus

115 591 170 639 est.
215 581 332 639 «Tanto
359 578 441 637 enim
468 580 656 637 saeculomm
684 594 771 636 cursu
799 578 859 635 iam
885 588 1062 653 perseverat
1083 578 1116 635 in

115 688 232 727 summa
260 686 361 727 rerum
390 667 525 726 omnium
554 666 727 725 volatilitate
757 677 787 725 et
816 666 995 727 oeducitate.
1048 669 1115 725 Iam

115 777 185 817 cum
205 758 282 817 ordo
301 759 351 816 vel
371 776 428 833 pro
447 776 510 815 uno
530 756 652 815 instanti
672 755 950 831 complicatissimus
969 756 1015 827 sit,
1038 767 1115 831 quot

115 848 209 917 vires,
238 858 314 923 quot
339 845 475 905 actiones
501 846 709 921 conspirantes
736 843 820 903 tanto
847 855 985 920 tempore
1013 846 1114 905 tactae

114 936 202 995 suut?
248 938 289 994 Et
314 935 373 994 hae
399 936 477 994 vires
504 952 626 1005 omnes,
657 934 793 1009 quamvis
820 934 874 992 sub
902 934 1113 993 diversissimis

115 1036 241 1100 agerent
266 1025 404 1083 locorum
430 1035 461 1083 et
487 1023 716 1099 dispositionum
743 1022 906 1094 adiunctis,
934 1024 973 1082 ab
1002 1025 1112 1083 ordine

115 1133 179 1173 non
199 1114 402 1173 deviaverunt.
442 1115 569 1188 Semper
589 1112 680 1171 etiam
701 1112 851 1172 cohibitae
873 1123 940 1171 sunt
959 1113 1041 1191 vires¹
1061 1114 1113 1172 de

115 1203 282 1274 structivae,
304 1223 343 1262 ne
364 1202 467 1262 omnia
486 1203 527 1260 ad
547 1202 640 1261 chaos
660 1212 909 1261 reverterentur.»

176 1304 229 1360 III.
262 1302 403 1377 Denique
432 1302 510 1360 ordo
538 1301 589 1359 ille
621 1311 666 1359 est
698 1301 918 1359 mblimissimus.
972 1300 1111 1376 «Nempe

116 1390 258 1450 scientiae
291 1390 437 1466 plurimae
471 1400 502 1449 et
531 1389 687 1448 hominum
717 1389 956 1449 doctissimorum
987 1390 1112 1465 ingenia

116 1498 239 1539 omnem
268 1497 393 1556 operam
421 1480 454 1537 in
482 1497 521 1539 eo
549 1477 754 1554 intellegendo
783 1490 908 1554 ponunt.
958 1479 1111 1539 Mirabilia

115 1579 182 1627 sunt
210 1587 289 1644 quae
316 1570 495 1628 invenerunt
522 1579 553 1628 et
578 1568 708 1627 tradunt.
749 1570 867 1627 Tamen
894 1588 955 1643 quo
984 1568 1113 1628 scientia

114 1658 210 1733 magis
230 1657 356 1733 prolicit,
378 1676 417 1716 eo
430 1656 526 1733 magis
542 1657 742 1732 intellegimus
754 1658 846 1732 longe
860 1658 945 1732 plura
958 1656 1113 1738 ignorari3

115 1747 208 1805 immo
228 1766 273 1819 ea,
295 1766 374 1822 quae
394 1746 512 1818 scimus,
533 1746 670 1821 quamvis
691 1746 749 1804 sint
769 1746 925 1822 stupenda,
947 1746 1022 1804 nihil
1043 1765 1111 1807 esse

116 1836 147 1895 in
167 1836 394 1913 comparatione
414 1855 528 1908 eorum,
550 1855 629 1912 quae
649 1855 706 1894 nos
726 1836 846 1894 latent.»
862 1836 870 1868 ¹

176 1938 228 1994 IV.
256 1935 320 1994 Etsi
340 1946 440 1994 autem
464 1935 697 2010 perfectissimus
724 1946 770 1993 est
797 1935 873 1993 ordo
901 1935 966 2008 ille,
995 1935 1115 1997 infinita

116 2037 217 2084 tamen
245 2025 392 2101 perfectio
414 2024 472 2100 ipsi
492 2023 652 2084 tribuenda
671 2043 736 2082 non
758 2034 810 2083 est.
850 2024 938 2085 omo
959 2024 1043 2084 enim
1064 2024 1113 2084 ille

116 2114 232 2172 initium
253 2114 373 2184 habuit,
395 2131 413 2172 e
433 2113 569 2189 potentia
588 2113 629 2172 ad
650 2123 749 2174 actum
766 2131 835 2174 sese
857 2112 982 2184 evolvit,
1010 2113 1112 2186 immo,

116 2202 282 2262 secundum
309 2203 499 2261 scientiarum
530 2202 694 2262 certisima
724 2201 849 2278 placita,
880 2219 917 2260 ex
947 2203 1007 2260 hoc
1037 2213 1113 2262 statu

116 2293 238 2352 tandem
259 2291 423 2367 aliquando
444 2302 489 2352 est
507 2291 689 2354 defecttrrus.
730 2291 791 2350 Sed
810 2291 887 2350 haec
908 2291 1012 2349 onmia
1032 2293 1112 2351 clare

117 2380 277 2440 ostendunt
303 2381 385 2441 hunc
411 2379 517 2440 mundi
545 2380 684 2439 ordinem
705 2399 769 2440 esse
791 2379 938 2438 finituma
980 2381 1113 2439 Mundus

178 2658 301 2706 Scholia
333 2650 355 2706 1.
379 2648 526 2706 Mundum
547 2666 636 2722 supra
652 2642 691 2722 (p.
708 2641 777 2722 367)
798 2646 1017 2706 declaravimus
1038 2666 1113 2706 non·

117 2756 280 2812 numquam
315 2737 417 2795 vocari
451 2747 597 2795 naturam.
648 2735 730 2795 Sicut
764 2736 844 2794 enim
879 2734 1014 2811 singulae
1048 2739 1114 2796 suh

118 2826 258 2897 stantiae,
289 2826 330 2884 ita
359 2825 449 2884 etiam
476 2825 652 2884 universitas
679 2843 782 2884 earum
810 2824 966 2884 collective
994 2837 1114 2903 sumpta

117 2925 216 2993 potest
236 2914 434 2986 considerari,
459 2933 523 2972 non
543 2916 640 2974 solum
661 2913 692 2972 in
713 2932 766 2972 suo
787 2932 844 2972 csse
865 2909 919 2989 (sic
940 2913 1024 2973 enim
1045 2933 1116 2974 con·

118 3003 248 3068 siderata
260 3003 368 3062 dicitur
381 2998 529 3077 mundus),
545 3002 600 3062 sed
614 3003 704 3066 etiam
718 3003 748 3060 in
764 3021 817 3062 suo
831 3004 955 3078 operm
982 3003 1115 3080 Operari

181 3141 349 3234 wantiam,
369 3177 430 3225 1nst.
451 3179 537 3228 uena.
556 3196 581 3242 p.
605 3191 662 3242 172.

179 3248 190 3279 ²
207 3252 331 3299 Mundum
349 3269 405 3301 esse
424 3256 561 3317 optimum,
581 3258 659 3321 idque
677 3259 790 3319 relative,
811 3276 863 3309 uon
883 3259 1008 3320 absolute,
1031 3272 1107 3313 osten

119 3325 207 3371 demus
226 3326 251 3371 in
271 3329 399 3391 theologia
417 3333 531 3382 naturali.

115 2471 233 2546 proindt
246 2469 420 2546 formaliter
438 2470 631 2527 consideratio
652 2476 693 2526 est
703 2471 817 2545 finitus.
