2350 3700
464 808 578 870 Lmen
601 807 624 871 Ι.

212 941 274 1002 DE
298 938 603 1021 QUANTITATE
627 940 880 1007 CORPOREA.

473 1103 582 1161 Carum
604 1120 623 1160 1.

27 1256 31 1321 ᾗ
322 1225 453 1285 ΝΟΤΙΟ
476 1226 769 1299 QUANTITATIS.

447 1375 612 1424 Anrrcunus
632 1388 650 1424 1.

28 1404 37 1591 x
102 1488 297 1537 ELEMENTA
316 1488 555 1550 QUANTITATIS
574 1488 729 1537 ANALYSI
747 1487 996 1538 EXPONUNTUR.

34 1597 37 1652 7
114 1612 181 1670 Res.
205 1610 369 1687 corporeas
397 1611 622 1689 inspicientibus
654 1614 730 1672 haec
764 1615 840 1672 ultro
874 1613 961 1672 nobis
996 1630 1044 1670 oc·

59 1710 191 1759 currunt:

116 1801 138 1857 Ι.
160 1793 305 1859 Videmus
326 1800 383 1859 alia
404 1818 533 1877 corpora
552 1801 725 1860 naturaliter
752 1820 820 1860 cum
848 1799 911 1860 aliis
931 1800 1043 1859 habere

59 1888 231 1948 relationem
253 1891 403 1965 quandam
424 1892 626 1966 praesentiae,
656 1891 808 1950 fundatam
830 1892 861 1949 in
883 1908 932 1962 eo,
962 1889 1044 1964 quod

60 1976 136 2036 aliud
156 1979 205 2038 vei
226 1979 284 2036 alia
304 1990 427 2055 tangant
447 1980 529 2038 aliud
549 1980 706 2057 ipsumque
734 1980 890 2056 superficie
913 1998 965 2038 sua
986 1998 1045 2036 am-

59 2068 147 2126 biant.
184 2068 271 2142 Quae
292 2069 463 2146 superficies
484 2087 618 2128 concava
640 2070 775 2145 corporis
796 2089 859 2129 rem
874 2069 961 2127 aliam
977 2087 1045 2127 con·

59 2155 176 2215 tinentis
198 2157 305 2217 dicitur
325 2159 410 2217 huius
431 2160 474 2218 rei
488 2161 563 2218 loeus
577 2154 627 2235 (de
642 2177 702 2235 quo
717 2159 794 2218 infra
808 2179 837 2234 p.
854 2178 909 2233 331
927 2159 1045 2217 uberius

59 2241 211 2321 dicemus).
254 2248 405 2306 Accidens
426 2258 523 2306 autem
545 2248 588 2307 rei
609 2249 821 2325 superveniens
848 2249 962 2306 ratione
985 2248 1046 2305 eius

60 2330 245 2415 praesentiae
265 2337 304 2394 ad
324 2339 433 2410 locum,
456 2338 563 2396 dicitur
583 2339 637 2395 ubi.

118 2436 156 2492 II.
178 2434 371 2494 Admodum
390 2454 463 2495 vero
487 2436 689 2507 attendentes,
718 2454 779 2512 quo
808 2453 916 2511 corpus
944 2445 989 2494 est
1015 2434 1046 2493 in

59 2521 141 2595 locu,
170 2524 366 2600 perspicimus
393 2545 515 2584 omnem
542 2525 735 2584 substantiam
764 2543 942 2601 corpoream
965 2535 1046 2582 natu·

60 2611 157 2671 raliter
178 2623 277 2689 partes
298 2633 364 2673 suas
384 2615 426 2672 ita
445 2615 557 2673 habere
579 2614 736 2690 dispositas
764 2614 795 2671 in
819 2615 901 2685 loco,
930 2625 962 2673 ut
988 2635 1047 2672 uno

60 2721 115 2759 non
134 2705 173 2760 sit
191 2704 241 2760 ubi
260 2710 301 2761 est
318 2705 388 2772 alia,
410 2706 521 2761 ratione
540 2703 625 2761 liuius
645 2705 713 2762 loci:
734 2714 764 2762 et
782 2704 858 2762 haec
880 2704 1047 2779 proprietas

60 2790 165 2849 dicitur
186 2795 308 2850 extensio
329 2801 450 2851 exterius
468 2794 517 2852 vel
544 2793 640 2851 localis
659 2793 707 2852 vel
732 2794 857 2851 actualis.
900 2793 1048 2852 Definitur

59 2891 172 2952 autem,
194 2892 226 2940 ut
246 2882 298 2941 sit:
319 2885 501 2959 proprietas,
530 2902 588 2958 quo
599 2885 656 2958 fit,
678 2890 712 2940 ut
725 2890 826 2958 portes
847 2885 971 2958 corporis
990 2885 1049 2940 sint

59 2977 144 3028 extro
157 2979 261 3048 partes
280 2974 311 3029 in
332 2973 430 3030 ordine
450 2973 493 3030 ad
509 2974 605 3031 locum.

54 3095 58 3103 ·
119 3072 171 3129 III.
192 3073 273 3129 Rem
287 3070 398 3130 deinde
411 3070 552 3130 maturius
566 3071 722 3142 intuentes
744 3070 831 3128 facile
850 3069 1048 3145 intellegimus

56 3170 158 3234 partes
178 3160 243 3220 illas
263 3179 327 3218 non
347 3179 435 3237 posse
456 3162 499 3218 sic
520 3178 584 3219 esse
606 3178 696 3218 unam
717 3170 799 3218 extra
824 3159 912 3216 aliam
933 3159 1047 3216 ratione

59 3247 134 3320 loci,
155 3249 212 3308 nisi
232 3249 314 3325 prius
332 3269 393 3308 una
412 3268 476 3308 non
496 3249 533 3308 sit
553 3248 626 3320 alia,
655 3258 685 3306 et
704 3265 764 3304 una
785 3264 890 3304 revera
910 3246 946 3303 sit
967 3255 1049 3303 extra

60 3337 147 3396 aliam
167 3339 199 3397 in
220 3339 327 3398 ordine
349 3340 387 3397 ad
408 3357 439 3399 se
460 3339 548 3414 ipsas.
578 3337 678 3408 Quam
699 3334 821 3409 quidem
834 3333 1048 3408 proprietatem
1146 3351 1154 3372 -1

828 3429 886 3477 21*
