2350 3700
349 155 387 189 DE
406 154 570 192 CRITICISMO
590 154 750 192 KANTIANO.
992 154 1041 207 115

104 303 147 359 ΙΙ.
172 304 363 376 Argumento
378 311 435 377 per
455 304 615 361 absurdum.

108 420 136 459 1.
161 400 294 458 Kantius
324 400 357 457 in'
384 400 482 459 multis
511 403 565 459 sibi
592 403 649 477 ipsi
676 402 847 460 contradicit.
897 404 939 461 Ut
971 404 1042 461 alias

35 488 129 546 enim
152 489 328 547 omittamus
348 489 615 549 contradictiones:

107 582 138 662 a)
161 589 234 663 Ipsa
256 587 380 660 ratione,
403 588 442 647 de
463 590 545 647 cuius
558 591 656 647 valore
669 590 787 658 debiat,
810 590 981 665 aggreditur
995 609 1043 649 ex·

38 678 182 751 plorare,
205 678 236 734 in
259 687 403 752 quantum
424 678 534 736 idonea
555 680 593 736 sit
612 678 651 736 ad
667 697 770 737 verum
791 698 860 737 cum
880 680 1044 737 certitudine

42 766 278 840 assequendum
290 768 307 825 ¹.

108 852 142 929 b)
176 857 224 913 Ex
244 874 305 914 uua
325 867 409 932 parte
431 857 522 915 docet
546 858 651 915 nullius
677 859 723 915 rei
747 865 884 915 nonnam
904 860 951 917 vel
973 876 1043 917 nou·

43 963 165 1003 menon
189 965 208 1003 a
228 947 316 1004 nobis
341 945 485 1021 cognosci
512 965 616 1021 posse,
645 957 675 1005 et
700 965 737 1005 ex
764 949 856 1005 altera
883 957 983 1007 tamen
1011 967 1043 1007 se

45 1042 191 1091 naturam
212 1036 366 1093 intellectus
386 1054 568 1111 cognoscere
589 1054 679 1110 posse
700 1036 862 1095 contendit.

9 1194 17 1209 ‚
110 1120 140 1197 c)
155 1125 261 1183 Docet
274 1126 385 1182 nullam
398 1124 551 1183 veritatem
568 1124 783 1183 admittendam
797 1144 871 1197 esse,
893 1126 948 1185 nisi
963 1126 1044 1202 prius

49 1214 223 1271 instituatur
244 1214 347 1272 critica
367 1215 546 1285 facultatum,
575 1214 656 1273 etin
678 1214 778 1291 specie
799 1216 921 1274 rationis
941 1234 1043 1291 purae,

50 1314 79 1359 et
110 1312 217 1361 tamen
245 1304 310 1379 ipse
337 1313 430 1361 totam
460 1321 542 1361 suam
572 1304 706 1362 criticam
737 1304 888 1363 exorditur
915 1305 1043 1364 admissa

51 1392 218 1450 veracitate
240 1411 311 1450 suae
333 1393 454 1451 rationis
474 1411 575 1466 purae,
598 1394 681 1450 cuius
701 1412 760 1469 ope
782 1394 981 1453 ratiocinatur.

114 1512 141 1549 2.
167 1492 242 1549 Eius
262 1501 391 1567 systema
410 1491 492 1549 ducit
512 1492 551 1549 ad
571 1494 774 1568 scepticismum.

112 1583 142 1663 a)
165 1590 313 1647 Probatur
340 1592 457 1647 ratione.
493 1589 634 1648 Admisso
662 1591 742 1649 enim
770 1590 919 1667 principio
941 1591 1043 1649 Kantii

50 1678 136 1735 circa
158 1679 308 1737 rationem
327 1697 433 1754 puram
457 1679 661 1751 theoreticam,
690 1680 747 1737 ruit
767 1682 863 1739 omnis
884 1682 967 1739 valor
993 1682 1044 1739 ob-

50 1902 121 1949 leien
150 1901 216 1948 uber
244 1901 280 1949 sie
306 1902 389 1950 nichts
416 1918 446 1950 zu
475 1903 545 1952 thun.
583 1904 633 1952 Die
659 1903 860 1967 kosmologrlrchen
885 1903 1043 1953 Antinomicn

47 1982 129 2046 gelren
148 1982 218 2030 nicht
234 1983 288 2046 aus
302 1981 340 2030 die
356 1983 430 2038 Wclt,
456 1983 562 2031 sondrrn
586 1985 641 2048 nus
653 1985 851 2048 Einbr'ldungen»
875 1981 969 2048 (Brarg
985 1983 1001 2033 l.
1022 2001 1044 2033 c.

52 2079 77 2126 p.
103 2058 174 2124 143).
200 2061 240 2110 cf.
259 2061 334 2109 etiam
353 2077 390 2122 ea,
411 2078 474 2126 quae
494 2064 519 2110 in
538 2064 695 2127 cosmologia
713 2063 760 2112 hac
780 2065 812 2112 de
831 2080 858 2112 re
878 2064 1003 2114 dicuntur.

118 2140 126 2171 ¹
149 2141 307 2203 «Quaeratur
325 2143 401 2189 modo
419 2159 435 2189 a
447 2142 558 2190 Kantio:
578 2143 650 2191 Haec
668 2151 711 2191 tua
723 2144 866 2192 conclusio:
887 2145 968 2204 ,Ratio
983 2161 1045 2209 pura

53 2223 173 2287 praecisa
191 2223 345 2286 experientia
364 2223 459 2271 nullum
478 2223 555 2272 habet
573 2223 686 2272 valorem
704 2223 875 2283 obiectivum‘,
905 2241 989 2273 nonne
1009 2226 1045 2274 uti

53 2319 140 2351 veram
159 2302 285 2351 obiective
304 2303 413 2366 probas?
442 2303 525 2352 Certe.
545 2329 578 2337 —-
599 2303 632 2352 Et
651 2305 672 2351 si
691 2304 726 2352 uti
744 2320 829 2353 veram
847 2306 957 2368 probas,
986 2321 1045 2369 qua-

54 2400 113 2431 nam
132 2383 232 2431 ratione
250 2382 349 2446 colligis
367 2382 451 2431 illam?
488 2383 581 2431 Nonne
601 2400 671 2443 eam,
699 2399 756 2432 cum
778 2401 868 2433 sensus
894 2386 926 2433 de
949 2386 1045 2433 ratione

55 2481 119 2527 pura
138 2471 268 2527 nequeant
286 2463 398 2511 criticam
415 2463 560 2524 instituere,
583 2480 630 2528 per
647 2465 727 2529 ipsam
746 2466 869 2514 rationem
887 2482 977 2529 puram
996 2465 1046 2514 col-

11 2525 15 2542 *
55 2545 128 2608 ligisl
147 2544 193 2592 Ita.
214 2569 248 2576 —
268 2545 303 2592 At
321 2544 448 2607 quomodo
468 2552 527 2592 tunc
546 2560 593 2608 per
611 2544 734 2592 rationem
748 2561 844 2608 puram,
864 2546 896 2594 de
909 2562 936 2593 se
950 2545 1045 2593 nullum

55 2625 167 2672 valorem
186 2622 340 2673 obiectivum
361 2624 513 2684 habentem,
542 2624 730 2672 conclusionem
757 2633 840 2672 tamen
866 2625 977 2674 valorem
1002 2625 1045 2672 ob-

57 2705 174 2754 iectivum
193 2705 331 2753 habentem
349 2704 441 2752 infers?
477 2704 572 2753 Nonne
592 2705 641 2753 hoc
660 2714 747 2768 aperte
775 2708 915 2768 repugnat?
952 2705 1045 2753 Nonne

57 2795 127 2833 tuum
145 2800 223 2848 opus:
251 2785 355 2844 ,Critica
373 2785 477 2833 rationis
495 2785 589 2849 purae‘,
610 2785 668 2832 labe
687 2785 735 2833 ista
754 2785 881 2845 vitiatum,
909 2793 988 2834 totum
1008 2801 1046 2833 so-

57 2865 195 2930 phisticum
215 2865 316 2914 evadit?

116 2945 154 2993 Ex
173 2945 212 2993 his
230 2953 302 3010 patet
321 2954 398 2993 totam
417 2946 528 2994 criticam
547 2945 636 2994 Kantii
656 2961 683 2993 se
710 2946 790 3009 ipsam
816 2946 959 2994 destruere:
989 2961 1046 2993 nam

58 3042 103 3091 per
120 3026 243 3074 rationem
263 3041 367 3089 puram,
392 3041 469 3090 quae,
497 3042 541 3074 sua
560 3027 700 3085 sententia,
721 3025 816 3073 nullum
834 3027 946 3074 valorem
964 3026 1045 3074 obiec-

59 3107 133 3155 tivum
151 3106 238 3166 habet,
259 3105 354 3170 aliquid
371 3107 526 3156 obiectivum
545 3108 633 3168 infert,
652 3123 683 3155 ea
702 3122 793 3170 nempe
812 3107 910 3166 omnia,
930 3123 995 3170 quae
1014 3107 1046 3154 de

59 3188 151 3235 ratione
170 3203 235 3252 pura
261 3187 425 3236 discurrendo
451 3187 556 3251 colligit.
594 3187 746 3235 Huiusmodi
771 3195 829 3235 sunt
855 3186 970 3234 homines
996 3187 1045 3246 isti,

60 3283 119 3332 quos
137 3276 206 3317 aetas
233 3275 320 3315 nostra
345 3268 381 3316 uti
405 3267 582 3332 philosophiae
608 3275 726 3332 parentes
752 3270 915 3315 veneraturi»
939 3264 1045 3329 (Lepta,

61 3347 134 3396 Elem.
153 3348 217 3412 phil.
238 3348 293 3396 chr.
312 3347 333 3406 I,
354 3357 385 3411 35
406 3345 423 3409 ).

843 3433 883 3478 8*
