2350 3700
88 2 215 21 ···-v·?··-“⁷
239 2 241 5 -
268 4 274 7 .
296 2 304 13 χ

180 165 218 199 DE
238 165 364 201 ACTIONE
384 166 420 201 ET
439 165 477 200 DE
497 164 632 201 PASSIONE
652 164 714 201 SIVE
734 164 772 200 DE
792 164 897 201 CAUSIS.
984 164 1034 214 313

53 312 155 370 deinde
177 322 259 370 certa
280 322 379 370 mente
401 323 430 371 et
452 312 578 371 consilio
600 331 731 387 agamus.
761 312 820 371 Sed
841 313 916 371 haec
932 323 1034 388 aperte

53 402 176 475 probant
196 418 262 459 esse
283 401 462 477 principium
483 401 637 476 quoddam
665 402 781 459 illarum
808 400 1035 459 inclinationum

53 508 166 548 necnon
187 490 402 549 determinatae
423 490 508 549 huius
533 489 706 549 directionis
734 489 900 549 actionibus
926 488 1035 548 nostris

54 579 224 654 impressae3
245 579 310 637 aliis
331 580 446 638 verbis:
468 597 533 639 esse
554 598 657 638 causas
677 580 789 638 finales.
811 598 813 603 ⁸

107 688 132 725 2.
155 668 348 743 Experientia
368 675 496 726 externa.
531 670 567 726 In
580 668 670 727 rebus
691 668 771 727 enim
785 668 951 739 mundanis,
974 667 1034 727 sive

54 757 273 815 considerantur
298 757 468 833 singillatim
495 756 556 816 sive
588 758 620 833 in
654 774 707 815 suo
735 758 909 832 complexu,
945 775 1034 833 quem

53 863 186 904 vocamus
195 856 340 917 naturam,
356 857 416 904 tam
431 846 638 905 admirabilem
648 845 814 905 invenimus
828 846 1035 922 operationum

53 953 227 1007 processum,
249 935 302 1010 qui
322 935 406 994 aliter
419 935 596 1011 sufficienter
610 935 750 1010 explicari
772 954 834 994 non
855 935 956 1011 possit,
978 934 1034 993 nisi

52 1022 78 1079 in
91 1023 161 1099 ipsis
175 1024 264 1083 rebus
278 1024 466 1082 admittamus
479 1024 665 1083 tendentiam
678 1024 893 1082 immanentem
906 1025 1034 1095 finalem,

52 1122 78 1168 et
102 1123 185 1170 extra
212 1123 306 1171 totum
336 1114 419 1171 illum
439 1114 630 1189 complexum
658 1130 711 1171 ens
732 1113 886 1188 quoddam
909 1114 947 1171 ab
969 1112 1035 1188 ipso

24 1253 25 1296 p
52 1201 218 1261 distinctum
240 1213 270 1261 et
289 1202 377 1261 totius
397 1202 526 1261 universi
547 1201 759 1261 ordinatorem.

24 1299 26 1390 l
106 1293 150 1350 Ut
169 1291 277 1349 miram
298 1310 324 1350 e.
345 1309 374 1366 g.
397 1291 560 1367 organismi
574 1290 776 1350 evolutionem
797 1291 973 1363 omittamus,
996 1292 1036 1350 de

52 1398 106 1453 qua
136 1398 237 1438 sermo
267 1378 322 1438 erit
351 1381 382 1437 in
412 1380 660 1456 anthropologia,
692 1380 762 1456 ipsis
795 1380 843 1438 «in
871 1382 959 1440 rebus
986 1400 1035 1439 an·
1070 1446 1074 1455 ¹

51 1468 197 1543 organicis
218 1468 390 1528 universalis
411 1487 571 1545 corporum
593 1469 671 1528 inter
698 1488 730 1528 se
751 1470 887 1528 attractio
909 1470 1036 1528 adeum

51 1558 171 1615 modum
198 1569 364 1633 temperata
390 1569 450 1631 est,
479 1569 511 1617 ut
531 1558 604 1616 inde
625 1559 701 1618 ordo
725 1578 839 1618 summa
860 1558 967 1635 dignus
988 1560 1037 1618 ad·

24 1650 25 1682 ³
51 1646 205 1705 miratione
235 1666 290 1723 per
316 1648 485 1707 universum
515 1650 660 1722 mundum
688 1648 860 1725 pertingens
888 1659 1035 1723 emergat:

51 1745 130 1794 tanta
149 1738 199 1793 lux
220 1736 371 1796 celeritate
392 1755 447 1813 per
467 1756 572 1796 omnes
600 1749 699 1814 partes
720 1737 909 1809 diffunditur,
938 1749 969 1796 ut
990 1756 1036 1797 res

52 1824 152 1884 debito
186 1826 279 1886 modo
314 1826 407 1886 oculis
441 1829 600 1903 patefiant3
641 1826 842 1887 aeriformium
877 1845 1037 1903 corporum

53 1915 246 1990 proprietates
267 1917 420 1976 chemicae
441 1917 481 1975 ita
502 1917 717 1977 determinatae
739 1928 820 1989 sunt,
843 1927 882 1988 ut,
904 1936 981 1992 quae
1002 1916 1037 1976 iis

54 2014 166 2062 constet
192 2006 416 2082 atmosphaera,
445 2006 484 2064 ad
511 2007 601 2066 vitam
630 2007 866 2082 organismomm
887 2006 1037 2083 aptissima

54 2094 172 2168 evadat3
196 2101 247 2152 aer
267 2095 331 2170 ipse
353 2115 389 2154 ea
410 2095 561 2171 praeditus
582 2107 626 2155 est
647 2095 832 2167 clasticitate,
862 2114 939 2171 quae
961 2114 1036 2154 sono

53 2183 248 2258 propagando
269 2203 460 2261 summopere
474 2187 626 2260 conferat,
648 2185 788 2245 cohaesio
803 2184 933 2260 denique
947 2194 1036 2260 atque

53 2271 202 2346 expansio,
218 2272 325 2346 quibus
338 2284 424 2349 typus
439 2275 594 2333 cuiuslibet
603 2276 738 2350 corporis
752 2276 783 2333 in
793 2274 898 2332 ordine
913 2274 1037 2350 physico

52 2361 243 2434 constituitur,
266 2380 303 2420 eo
324 2362 418 2438 gradu
439 2373 469 2422 et
489 2364 581 2422 modo
605 2364 719 2436 adsunt,
735 2374 767 2422 ut
787 2381 915 2438 corpora
937 2363 1037 2420 omnia

51 2449 82 2505 in
111 2450 168 2507 hac
197 2468 296 2509 rerum
325 2452 514 2510 universitate
543 2463 643 2511 mutua
669 2471 737 2511 cum
763 2453 920 2511 harmonia
947 2463 1036 2528 atque

51 2538 135 2612 quasi
157 2539 286 2614 quadam
301 2543 463 2601 concordia
485 2542 570 2600 simul
591 2559 655 2601 esse
670 2559 788 2616 unaque
810 2559 899 2617 agere
913 2541 1035 2617 possint.

52 2627 140 2686 Cuius
166 2629 286 2704 generis
310 2630 538 2690 innumerabilia
564 2631 622 2689 alia
643 2641 709 2690 sunt
729 2632 880 2706 exempla,
911 2649 1037 2705 quorum

52 2718 143 2776 moles
164 2736 202 2777 eo
223 2719 318 2796 magis
338 2721 490 2792 excrescit,
514 2739 573 2796 quo
594 2721 680 2796 plura
700 2719 731 2777 in
752 2720 816 2779 dies
836 2720 935 2778 variae
956 2730 1037 2779 natu-

52 2807 126 2864 rales
146 2807 322 2884 disciplinae
342 2827 422 2868 nova
442 2820 531 2885 atque
553 2809 730 2868 abscondita
750 2810 913 2886 proferunt.
949 2810 1037 2868 Haec

53 2895 151 2954 omnia
168 2897 223 2972 qui
244 2897 401 2974 diligenter
422 2898 663 2970 consideraverit,
685 2916 747 2957 non
768 2899 936 2957 dubitanter
957 2898 1037 2957 dicet

53 3001 87 3040 ex
106 2986 188 3044 nulla
200 2987 408 3046 intervenienti
422 2988 575 3046 tendentia
589 2988 671 3046 finali
685 2988 805 3046 evenire
819 3007 882 3046 non
897 3007 1011 3063 posse.»
1029 2992 1036 3020 ¹

110 3091 267 3154 Corollaria.
308 3097 331 3152 I.
353 3097 399 3154 Ex
418 3096 464 3154 his
484 3096 630 3172 sequitur,
662 3097 732 3172 quid
760 3099 798 3156 de
820 3116 885 3155 casu
913 3097 949 3156 sit
970 3116 1035 3156 sen-

51 3182 191 3243 tiendum.
233 3184 468 3260 Nonnumquam
489 3186 569 3244 enim
591 3204 660 3244 casu
682 3187 820 3245 effectum
841 3186 967 3244 dicimus
991 3187 1031 3256 id,

114 3344 121 3374 ¹
140 3345 225 3403 Pesch,
244 3346 305 3394 Inst.
325 3345 387 3408 phil.
408 3354 459 3393 nat.
478 3346 498 3404 I,
518 3356 571 3404 91..
