2350 3700
151 109 202 157 228
454 120 493 157 ne
512 120 574 157 ress
595 120 721 157 narrouu
741 120 833 157 euris.

149 267 210 327 sive
240 287 312 326 non.
367 269 417 326 Sic
445 268 600 344 generatio
630 269 677 326 vel
708 267 858 344 corruptio
888 268 1029 327 dicuntur
1058 278 1131 325 motu

150 357 282 432 quodam
303 357 375 415 fieri.

209 475 237 526 4.
259 458 403 513 insensu
424 466 523 514 autem
543 456 639 512 stricte
659 454 812 513 definitur:
843 457 995 524 «mutatio,
1017 473 1090 529 quae
1109 456 1135 511 ir

150 562 182 601 re
195 552 328 620 corporea
342 546 460 613 exsistit,
481 544 629 601 secundum
646 563 731 618 quam
745 562 790 601 res
804 545 898 601 eadem
906 552 964 619 per
975 546 1148 611 succesiaum

147 635 373 708 progresszenem
393 634 481 690 aliter
499 651 528 691 sc
547 632 631 689 habet
650 651 725 690 nunc
743 639 771 689 et
783 634 876 708 prius.
882 634 919 683 »¹

210 733 246 788 ln
266 731 359 788 tribus
378 748 453 790 vero
473 731 519 787 his
540 731 648 789 ultimis
669 730 906 806 acceptionibus,
931 731 955 789 si
976 730 1148 819 formaliten

149 821 286 889 sumitur,
313 830 457 894 quatenus
478 831 522 877 est
543 821 722 878 elementum
744 818 928 890 mutationiS,
958 838 1081 895 semper
1103 819 1148 877 ad

150 908 302 966 transitum
330 908 481 983 potentiae
509 909 548 966 ad
576 919 675 967 actum
700 908 812 967 directe
842 908 1059 967 attendendum
1089 914 1148 983 esti

150 1016 212 1055 non
233 1007 331 1055 autem
358 998 398 1055 ad
426 996 619 1055 mutationem
649 1008 738 1055 status
758 996 809 1055 rei.
853 999 895 1056 Ut
915 998 981 1055 talis
1000 1016 1077 1055 vero
1099 986 1148 1065 esti

150 1086 213 1161 ipse
235 1096 330 1157 actus,
353 1085 404 1159 qui
426 1086 468 1144 rei
490 1086 671 1161 supervenit,
695 1085 766 1143 dum
787 1105 804 1145 e
825 1085 958 1161 potentia
978 1087 1018 1144 ad
1041 1066 1148 1144 actumi

150 1175 260 1233 transit.
303 1175 394 1233 Unde
422 1175 460 1232 ab
489 1174 647 1233 Aristotele
677 1185 758 1233 recte
788 1174 926 1233 definitus
953 1185 997 1233 est
1025 1142 1148 1233 motusd

154 1272 248 1322 «actus
268 1265 339 1321 cretis
358 1266 389 1321 in
405 1265 533 1340 petentia
552 1270 692 1338 quatenus
712 1265 742 1320 in
757 1266 903 1338 potamia»
918 1264 936 1320 ⁹.

210 1364 309 1420 Motus
329 1372 427 1421 autem
448 1362 490 1420 sic
511 1362 653 1419 intellecti
674 1360 818 1437 plurimae
833 1362 1053 1436 distinguuntur
1076 1342 1148 1436 spe-J

150 1451 219 1523 cieS,
243 1470 367 1526 quarum
389 1450 567 1526 praecipuae
581 1460 663 1508 sunt:
685 1460 782 1509 motus
803 1451 969 1508 immanens
990 1460 1022 1507 et
1041 1461 1139 1507 motus

150 1541 304 1598 transiens.
1147 1580 1148 1651 p

140 1675 143 1680 -
211 1639 342 1697 Motus
330 1656 484 1695 artemonem
504 1639 551 1695 vel
571 1640 668 1695 vitalis
688 1637 802 1695 illet
759 1648 817 1709 est
845 1657 899 1712 que
926 1656 974 1695 eru
998 1656 1029 1695 se
1050 1640 1148 1747 zpseirm

150 1729 193 1785 ad
202 1729 362 1785 ulteriorem
376 1729 422 1783 sui
442 1728 529 1802 ipsius
543 1726 746 1801 perfectionem
766 1684 927 1801 trcirrssert;
948 1738 1048 1784 motus
1070 1746 1099 1785 e.
1116 1706 1148 1801 gi

150 1816 332 1888 nutritionis,
363 1826 459 1874 motus
487 1814 605 1874 animae
633 1815 664 1873 in
692 1814 907 1875 ratiocinando
956 1814 1148 1874 Huiusmodi

651 1912 654 1919 ¹
1147 1897 1148 1930 l

212 2026 220 2055 ¹
241 2027 280 2075 Cf.
300 2028 391 2091 Lepidi,
412 2027 493 2076 Elem.
513 2027 605 2092 philos.
625 2027 708 2076 christ.
728 2027 775 2086 ΙΙΙ,
799 2039 856 2076 111.

212 2103 223 2135 ²
245 2108 297 2154 «Le
316 2117 476 2156 mouvement
495 2117 533 2156 est
552 2124 586 2156 un
606 2115 675 2167 acte;
695 2123 724 2154 ce
743 2105 809 2155 n'est
826 2124 873 2171 pas
891 2107 1000 2172 quelque
1018 2108 1136 2156 chosed

150 2187 250 2251 negatis
264 2204 298 2235 ou
316 2203 365 2236 une
383 2189 523 2252 privation,
550 2187 612 2237 c'est
630 2203 662 2235 au
682 2188 806 2236 contraire
825 2187 933 2252 quelque
952 2187 1031 2236 chose
1052 2189 1091 2237 de
1106 2196 1141 2250 pa

149 2268 246 2330 sitifet
264 2266 296 2314 de
316 2268 365 2316 tres
384 2268 451 2326 reeh
480 2284 509 2317 ce
537 2267 603 2316 n'est
627 2283 673 2330 pes
698 2283 748 2316 une
774 2267 863 2330 simple
889 2267 1025 2330 puissance
1052 2267 1140 2332 d’agir

149 2346 234 2395 carle
253 2357 413 2396 mouvement
431 2365 463 2396 ne
482 2363 629 2396 commeuce
648 2345 753 2412 qu'avec
771 2348 795 2395 la
814 2345 954 2395 re'alisatien
972 2348 1002 2396 de
1027 2349 1054 2396 la
1076 2351 1142 2412 puis

149 2443 238 2485 sance,·
257 2443 286 2476 ce
305 2426 370 2476 n'est
388 2429 533 2493 cependant
550 2444 596 2492 pas
615 2443 648 2474 un
669 2436 724 2477 acte
743 2442 802 2475 sous
821 2436 878 2476 tous
897 2426 933 2475 les
951 2437 1084 2490 rapports,

151 2522 179 2556 ce
199 2507 241 2571 qui
261 2515 350 2556 estun
369 2515 425 2556 acte
444 2523 503 2556 sous
522 2515 578 2555 tous
598 2507 634 2556 les
660 2515 778 2571 rapports
804 2507 887 2556 exclut
912 2506 936 2554 le
964 2519 1138 2556 mouvement

151 2587 174 2634 le
194 2596 353 2636 mouvement
373 2595 411 2636 est
429 2587 502 2636 l'acte
521 2587 553 2636 de
572 2587 681 2651 quelque
701 2587 778 2636 chose
798 2587 841 2650 qui
859 2585 922 2635 n'est
947 2603 993 2650 pas
1021 2589 1143 2652 complet

150 2676 229 2727 ,actus
248 2668 407 2732 imperfecti,
431 2683 528 2716 comme
547 2668 583 2716 dit
603 2667 675 2716 Saint
694 2667 822 2726 Thomas,
849 2665 923 2715 l'acte
942 2665 1004 2713 d'un
1030 2666 1091 2715 etre
1121 2683 1136 2716 e

149 2747 289 2810 puissance,
309 2763 342 2795 en
362 2755 414 2795 tant
433 2763 482 2811 que
501 2757 542 2796 cet
560 2747 613 2796 etre
633 2757 671 2797 est
690 2762 782 2796 encore
801 2762 833 2794 eu
851 2747 992 2810 puissance.
1018 2746 1109 2795 Entre
1130 2731 1148 2804 ll

150 2827 239 2890 simple
258 2827 371 2891 aptitude
390 2844 421 2875 au
440 2837 601 2877 mouvement
620 2828 652 2876 de
671 2827 695 2876 la
714 2843 777 2891 pure
796 2827 944 2891 puissance,
973 2825 1050 2874 d'une
1081 2843 1143 2891 part

150 2914 176 2954 et
194 2906 218 2955 le
238 2908 282 2955 fait
301 2907 383 2956 uctuel
402 2908 444 2971 qui
463 2924 576 2972 suppose
595 2907 730 2973 l'uptitude
749 2908 871 2956 satisfaite
897 2923 930 2956 ou
955 2905 981 2954 la
1005 2907 1141 2970 puissanc

150 2984 270 3043 realisee,
297 2984 394 3033 d’autre
413 2998 484 3048 part,
513 2988 530 3034 il
549 3004 565 3051 y
583 3005 599 3034 a
617 2987 642 3034 la
660 2989 721 3036 mise
740 3003 772 3035 en
791 3003 877 3036 oeuvre
897 2985 929 3035 de
948 2985 972 3032 la
997 2986 1145 3049 puissance

151 3074 197 3104 son
216 3063 336 3119 exercice,
355 3063 381 3109 la
398 3063 543 3112 realisation
563 3066 597 3112 du
617 3067 669 3124 fait,
690 3065 753 3115 c'est
771 3063 795 3115 ll
814 3067 838 3115 le
857 3073 1018 3114 mouvement
1036 3082 1148 3132 propre

152 3145 220 3180 ment
238 3137 281 3182 dit.
320 3138 389 3186 C'est
407 3140 482 3188 l'acte
500 3142 533 3190 de
552 3145 661 3207 quelque
680 3146 759 3194 chose
785 3147 827 3210 qui
853 3145 918 3194 n’est
943 3162 990 3209 pas
1019 3141 1148 3212 complet

152 3217 231 3258 ,aetus
250 3213 403 3273 imperfecti‘,
430 3217 504 3267 l’acte
523 3219 583 3269 d’un
603 3222 656 3272 erre
675 3239 707 3272 en
726 3225 875 3289 puissance,
896 3241 928 3274 en
949 3233 1002 3273 tant
1022 3224 1091 3289 qu’il
1116 3244 1143 3275 es

154 3299 244 3330 encore
262 3302 294 3332 en
312 3290 458 3349 puissance»
481 3294 607 3359 (Mercier,
627 3301 736 3351 Notions
755 3303 922 3370 d’Ontologie
942 3323 967 3371 p.
992 3318 1049 3368 193.
1070 3305 1144 3369 194}
