2350 3700
58 10 248 83 π

209 116 249 153 DE
269 114 466 153 EXPERIENTIA
485 116 622 154 EXTERNA
640 116 696 153 VEL
715 116 857 153 SENSUUM.
979 114 1027 164 141

78 262 142 319 Ex
164 270 262 339 parte
288 265 386 323 obiecti
410 283 483 324 vero
510 264 683 340 requiritur,
715 274 746 322 ut
774 263 811 323 sit
832 282 942 337 organo
962 272 1031 340 pro

18 353 248 422 tortzonatum,
271 354 311 411 ita
332 364 364 413 ut
384 354 427 412 vis
447 352 664 430 proprietatum
685 351 901 429 corporalium,
923 351 1032 411 coloris

18 456 42 497 e.
68 458 113 524 gs
128 460 197 501 nec
219 442 308 501 nimis
330 441 367 501 sit
386 443 494 514 vivida,
516 460 575 501 nec
595 442 684 501 nimis
705 441 835 500 remissa.

81 530 146 587 Ex
172 538 266 607 parte
294 532 380 589 medii
406 531 537 607 denique
568 530 742 606 requiritur,
773 540 805 588 ut
834 529 966 589 medium
996 528 1033 588 sit

18 620 175 690 normale,
202 638 260 697 pro
280 610 344 679 uisu
366 638 391 680 e.
413 640 441 696 g.
464 620 657 697 diaphanum.

83 710 146 768 Ad
168 708 389 769 conscientiam
409 728 482 769 vero
503 721 533 768 et
559 709 599 768 ad
627 709 809 768 intellecmm
836 708 966 784 pertinet
993 707 1033 768 de

20 797 212 857 exsistentia
231 800 336 858 harum
358 798 570 858 condicionum
582 797 734 857 iudicium
748 798 835 857 ferre.
870 796 1033 856 Evidenter

23 898 132 946 autem
157 898 300 947 constare
314 906 403 964 posse
418 887 615 947 condiciones
629 887 785 962 requisitas
806 904 872 945 esse
885 886 1032 961 impletas,

27 994 143 1037 omnes
165 976 319 1036 multoties
339 977 399 1035 iam
420 976 535 1053 experti
556 995 664 1037 sumus.

90 1065 199 1137 Hinc,
224 1066 278 1125 etsi
298 1083 525 1142 nonnumquam
546 1065 681 1125 sensibus
701 1064 883 1141 decipimur,
912 1063 1035 1123 firmiter

32 1166 138 1215 tamen
161 1165 224 1215 stat
244 1155 459 1231 experientiam
480 1165 633 1214 externam
648 1163 706 1230 per
724 1173 753 1213 se
774 1155 888 1213 fontem
918 1152 1035 1212 certitu·

36 1244 122 1316 dinis,
148 1263 217 1304 non
238 1244 355 1316 erroris,
377 1262 449 1304 esse.

381 1426 399 1494 ξ
419 1442 442 1493 3.
475 1432 519 1480 De
537 1430 694 1480 idealismo.

97 1556 122 1613 l.
146 1563 223 1611 Eius
242 1562 387 1627 expositio.
425 1553 593 1612 Idealdmus
612 1565 658 1612 est
673 1572 757 1613 error
771 1570 883 1626 eorum,
906 1551 966 1628 qui,
987 1571 1035 1610 va·

40 1644 102 1701 lore
125 1660 271 1702 sensuum
291 1642 413 1715 reiecto,
435 1652 541 1701 contra
562 1661 753 1702 communem
768 1643 901 1701 omnium
915 1658 1035 1700 sensum

40 1734 236 1791 exsistentiam
266 1741 413 1808 carporum
442 1742 555 1807 negant
584 1733 633 1791 vel
662 1732 694 1790 in
723 1731 845 1791 dubium
883 1740 1034 1791 revocant.

40 1822 201 1882 Idealistae
224 1831 376 1893 vocantur,
399 1820 470 1897 quia
490 1820 655 1881 realitatem
676 1820 807 1881 tribuunt
827 1820 896 1879 zileis
911 1829 1034 1892 tantum,

41 1923 73 1970 ut
92 1923 160 1971 sunt
181 1913 215 1971 in
235 1922 345 1983 mente,
367 1929 432 1969 non
452 1922 552 1970 autem
572 1911 625 1983 rei,
648 1929 739 1986 quam
760 1919 984 1986 repraesentant
1005 1920 1036 1968 ut

45 2012 126 2059 extra
147 2011 283 2061 mentem
305 1999 503 2059 exsistentem.

103 2089 256 2149 Idealismi
286 2090 396 2165 duplex
426 2088 602 2165 praesertim
631 2089 729 2148 forma
757 2088 898 2164 distingui
928 2098 1034 2165 potest.

47 2181 98 2237 Est
116 2178 198 2238 enim
221 2178 392 2238 idealismus
413 2178 592 2238 subiectivus
613 2189 644 2237 et
663 2177 834 2237 idealismus
862 2176 1034 2237 obiectivus.

108 2289 132 2326 r.
147 2269 325 2328 Idealismus
338 2268 503 2326 subiectam
517 2268 608 2327 docet
620 2266 910 2344 repraesentationes
920 2277 1036 2326 nostras

49 2358 182 2430 sensiles,
205 2375 281 2433 quas
302 2355 479 2433 corporibus
500 2357 531 2414 in
551 2357 640 2416 nobis
661 2355 741 2415 effici
761 2366 910 2433 putemus,
938 2375 958 2414 a
977 2356 1036 2414 solo

51 2446 178 2506 subiecto
200 2449 339 2522 cogitante
358 2445 494 2522 produci.
534 2446 616 2505 Talis
637 2445 707 2515 fuit,
729 2445 944 2505 recentioribus
964 2455 1036 2503 tem·

28 2527 31 2552 ³
52 2537 182 2610 poribus,
212 2535 351 2595 doctrina
371 2534 477 2594 Kantii
497 2534 727 2612 discipulorum,
748 2535 862 2604 Echio,
885 2534 1034 2607 Schelling‚

52 2626 153 2699 llcgel,
187 2625 239 2701 qui
261 2643 297 2684 ex
318 2624 472 2702 principiis
493 2643 512 2683 a
531 2624 674 2700 magistro
695 2624 797 2700 positis
817 2625 896 2682 hanc
917 2624 1036 2682 conclu·

51 2713 160 2773 sionem
182 2713 282 2790 logice
304 2723 444 2772 eruerunt
457 2714 474 2771 ¹.

33 2905 35 2916 ‘
106 2905 115 2937 ¹
136 2907 253 2972 «Johann
272 2907 387 2958 Gottlieb
405 2907 496 2958 Fichte
520 2906 592 2974 (geb.
614 2909 681 2973 1762
707 2926 738 2958 zu
756 2909 913 2958 Rammenau
939 2908 965 2957 in
990 2908 1036 2956 der

58 2987 222 3050 Oberlausitz,
241 2989 372 3038 Professor
389 2989 436 3038 der
453 2987 619 3054 Philosophie
637 2989 663 3037 in
679 2989 754 3053 Jena,
775 2989 844 3038 daun
861 2989 888 3036 in
906 2987 1036 3053 Erlangeu

60 3067 100 3115 und
116 3068 220 3129 Berlin,
246 3085 286 3118 wo
304 3084 332 3118 er
353 3068 421 3130 1814
446 3065 528 3132 sterb)
554 3070 586 3118 ist
612 3069 659 3118 der
676 3070 823 3134 Begrie'ndtr
845 3070 885 3119 des
911 3069 1035 3117 absoluten

62 3147 199 3198 Inruimus.
239 3148 299 3198 Sein
316 3149 483 3214 Vorginger,
503 3149 588 3210 Kant,
611 3149 681 3199 hatte
699 3166 747 3198 nur
764 3150 805 3197 die
824 3147 1035 3206 Erkennbarlreit,

62 3227 117 3277 nicht
133 3229 197 3278 aber
223 3229 265 3278 die
283 3229 402 3278 Existenz
427 3229 473 3277 der
490 3228 654 3293 Kerperwelt
677 3228 827 3294 geleugnet,
854 3242 904 3275 von
926 3224 1037 3274 welcher

63 3322 83 3353 er
103 3309 149 3357 den
175 3309 282 3358 Anstoss
307 3325 351 3358 zur
376 3307 532 3357 Erkenntnis
558 3307 688 3372 uusgehen
712 3306 777 3354 liess.
814 3306 903 3353 Fichte
927 3302 1037 3351 verwirft
