2350 3700
253 177 292 212 ΒΕ
312 177 407 214 VARIIS
426 177 560 215 IDEARUM
581 179 810 218 PARTITIONIBUS.
994 177 1027 230 15

775 236 780 257 l

37 339 57 406 ξ
82 353 110 406 5.
140 346 266 395 Ratione
285 347 457 396 diversarum
476 347 654 406 relationum,
673 361 745 409 quae
763 347 870 398 habent
887 347 959 398 inter
975 363 1016 399 ee.

94 467 193 526 Ideae
216 468 401 528 dividuntur:

94 568 122 623 Ι.
144 565 178 624 in
199 567 345 626 identicas
366 579 396 626 et
416 567 555 630 diversas

95 665 243 724 Identicae
269 678 337 725 sunt
364 667 465 739 ideae,
497 685 623 742 quarum
651 667 880 744 comprehensio
908 678 954 726 est
983 686 1030 727 ea·

27 753 124 810 dem:
147 753 218 812 idea
238 755 367 814 hominis
388 766 417 814 et
437 756 506 815 idea
526 755 662 815 animalis
684 755 835 816 rationalis
855 768 923 816 sunt
941 757 1028 816 ideae

28 841 202 902 identicae.

95 940 193 1000 Ideae
220 943 348 1017 diversae
375 962 429 1002 eae
457 954 538 1015 sunt,
569 962 695 1019 quarum
715 944 945 1020 comprehensio
966 963 1029 1004 non

30 1039 79 1087 est
112 1031 238 1090 eadem:
268 1032 337 1091 idea
366 1032 495 1091 hominis
526 1042 555 1092 et
584 1033 654 1092 idea
684 1033 818 1092 animalis
846 1044 914 1092 sunt
942 1033 1030 1094 ideae

30 1117 187 1178 diversae.

96 1219 138 1276 H.
168 1220 256 1278 Duae
277 1219 363 1278 ideae
384 1219 607 1279 non-identicae
627 1230 752 1297 possunt
780 1239 843 1280 esse
872 1221 1030 1280 sociabiles

31 1307 83 1364 vel
104 1306 308 1367 insociabiles

97 1395 252 1455 Soczabilcs
271 1408 339 1456 sunt
359 1398 437 1457 duae
458 1398 554 1471 ideae,
577 1399 701 1474 quando
722 1409 812 1457 notae
833 1418 936 1458 earum
956 1401 1030 1460 tales

33 1495 121 1557 sunt,
151 1485 237 1543 utin
257 1505 348 1545 unam
369 1488 468 1547 ideam
489 1487 687 1564 compositam
715 1488 876 1548 convenire
900 1488 1028 1564 possint:

33 1573 107 1632 idea
128 1576 266 1634 animalis
286 1595 312 1634 e.
333 1595 360 1652 g.
381 1589 410 1636 et
430 1577 499 1636 idea
521 1577 672 1635 rationalis
692 1589 760 1636 sunt
781 1577 857 1636 duae
878 1577 964 1637 ideae
986 1597 1030 1636 so-

34 1663 172 1735 ciabiles,
195 1664 266 1723 item
288 1665 356 1724 idea
377 1666 543 1726 dulcedinis
565 1677 595 1726 et
615 1666 770 1726 albedinis.

97 1754 281 1812 Insaaabilcs
300 1757 348 1814 vel
368 1763 557 1831 repugnantes
577 1767 645 1816 sunt
664 1755 765 1827 ideae,
792 1775 917 1832 quarum
938 1766 1028 1814 notae

34 1842 67 1900 in
90 1862 185 1901 unam
207 1843 403 1919 compositam
425 1845 523 1905 ideam
545 1844 707 1905 convenire
728 1865 790 1905 non
805 1856 937 1922 possunt,
959 1845 1029 1922 quia

34 1932 95 1990 sibi
118 1944 321 2009 opponuntur.
363 1936 463 1993 Potest
484 1946 582 1994 autem
603 1934 768 2012 oppositi0,
800 1953 837 1995 ex
858 1954 918 2011 qua
938 1935 1029 1993 oritur

35 2022 177 2081 idearum
190 2024 396 2099 repugnantia,
413 2042 478 2083 esse
494 2025 694 2101 quadruplex:
717 2024 957 2096 contradictoria,
972 2024 1029 2100 pri-

34 2112 146 2183 vativa,
170 2112 328 2185 contraria,
351 2114 481 2172 relativa.

102 2202 335 2261 Contradr‘ctaria
363 2202 528 2278 oppositio,
558 2220 634 2278 quae
663 2203 797 2262 omnium
823 2203 952 2280 maxima
976 2212 1028 2272 est,

37 2291 117 2347 inter
139 2290 213 2349 duas
235 2292 318 2351 ideas
339 2294 439 2351 locum
459 2293 557 2364 habet,
583 2292 706 2369 quando
727 2310 786 2351 una
805 2292 875 2351 idea
894 2292 926 2350 id
947 2311 1029 2368 prae·

37 2379 99 2437 cise
115 2380 201 2451 tollit,
218 2380 300 2455 quod
315 2384 408 2439 altera
422 2382 453 2439 in
468 2400 520 2440 sua
534 2381 805 2457 comprehensione
819 2382 912 2457 ponit.
941 2382 1030 2439 Tales

36 2468 127 2527 ideae
149 2470 226 2527 nihil
243 2471 347 2528 habant
366 2490 523 2529 commane:
544 2470 713 2529 huiusmodi
734 2482 801 2529 sunt
821 2470 889 2528 idea
910 2471 986 2528 entis
1001 2482 1030 2528 et

37 2557 107 2615 idea
135 2558 235 2630 nihili,
268 2560 329 2619 albi
359 2570 389 2619 et
416 2560 556 2619 non-albi.
603 2560 860 2619 «Contradictorie
891 2558 1030 2634 opposita

36 2666 101 2703 non
124 2648 238 2706 habent
258 2650 418 2707 medium.»

99 2734 261 2796 Prr'aaliaa⁴
275 2739 425 2813 oppositio
447 2749 491 2797 est
511 2738 587 2797 inter
609 2739 682 2797 duas
702 2737 801 2809 ideas,
826 2737 948 2812 quando
970 2755 1028 2794 una

39 2825 125 2899 ponit
152 2827 387 2901 perfectionem,
415 2827 507 2886 altera
534 2828 630 2904 ipsam
658 2828 734 2886 tollit
760 2830 791 2885 in
818 2827 935 2884 subiecta
963 2833 1029 2901 apta

39 2915 77 2972 ad
98 2915 180 2973 illam
201 2918 388 2975 habendam:
420 2918 493 2975 tales
514 2928 580 2976 sunt
601 2918 688 2976 ideae
708 2916 786 2975 visus
812 2925 841 2974 et
869 2913 1027 2984 caecitatis,

40 3002 143 3063 mortis
157 3016 187 3063 et
199 3005 289 3065 vitae.
310 3008 434 3064 Habent
444 3006 575 3064 medium
584 3005 753 3065 huiusmodi
763 3004 909 3081 opposita,
925 3006 1029 3063 saltem

41 3093 69 3149 in
91 3094 233 3153 subiectis
253 3095 318 3153 aliis
338 3114 401 3153 non
423 3094 506 3171 aptis

104 3183 265 3241 Contraria
292 3184 443 3260 oppositio
471 3195 515 3243 est
542 3184 620 3241 inter
648 3183 721 3241 duas
748 3184 847 3252 ideas,
876 3200 953 3255 quae
975 3182 1029 3237 sub

44 3271 148 3330 eodem
170 3291 283 3347 genere
305 3273 419 3348 positae
441 3272 568 3329 maxime
591 3274 638 3329 vel
659 3273 764 3328 saltem
785 3279 816 3325 ut
830 3270 890 3325 duo
904 3265 1030 3339 positiva

46 3356 105 3436 (ens
125 3362 207 3424 aliud
229 3371 260 3424 et
281 3380 334 3423 ens
355 3362 444 3432 aliud,
466 3379 529 3418 non
550 3370 650 3417 autem
670 3376 723 3415 ens
745 3369 775 3414 et
794 3347 932 3422 non-ens)
948 3350 1030 3405 diffe-
