2350 3700
134 153 185 215 308
507 164 546 201 nn
564 164 745 201 carnoomrs.

192 332 220 386 3.
237 313 436 370 Confirmatur
444 311 577 385 denique
586 314 725 369 communi
736 329 818 370 sensu
827 312 981 371 hominum.
1014 316 1122 373 Omnes

133 402 214 460 enim
240 401 377 459 homines
398 395 503 475 (genus
528 400 691 459 humanum
719 410 751 458 ut
770 396 842 475 tale)
864 401 924 459 hoc
946 403 1124 479 principium

132 501 163 549 ut
184 492 392 549 inconcussum
413 489 580 548 admittunt.
623 490 715 563 Quod
736 490 898 565 colligitur:

193 575 222 654 a)
246 598 300 638 «ex
321 596 367 649 eo,
389 579 472 653 quod
493 596 599 637 omnes
620 578 718 637 statim
739 588 828 653 atque
850 591 1045 655 cognoscunt
1066 581 1127 639 dari

132 668 245 744 aliquid
265 667 344 738 novi,
367 684 393 725 e.
403 685 444 742 .g.
468 684 578 725 novam
599 666 731 742 aliquam
752 667 933 741 realitatem,
963 684 1027 745 pro'
1046 681 1128 729 certo

132 759 252 828 habent,
274 756 335 815 sive
357 755 494 831 explicite
515 756 577 814 sive
592 755 744 831 implicite,
766 774 831 815 esse
852 757 994 832 aliquam
1004 778 1129 818 causam

133 845 278 906 eiusmodi
299 845 359 919 rei3

191 932 223 1011 b)
241 954 294 993 «ex
309 952 355 1006 e0,
370 934 461 1035 quod,
477 952 545 992 cum
559 933 714 1009 inquirunt
728 953 847 993 causam
861 953 959 995 novae
974 937 1129 1008 realitatis,

132 1044 194 1083 non
208 1024 372 1100 quiescunt,
393 1023 450 1081 nisi
464 1022 633 1082 invenerint
647 1041 767 1089 causam
780 1042 851 1083 vere
865 1025 1129 1101 proportionatam

131 1114 322 1191 productioni
342 1111 418 1170 illius
438 1129 536 1170 novae
557 1112 714 1212 realitatis3

193 1196 221 1277 c)
238 1220 292 1259 «ex
306 1219 352 1272 eo,
368 1200 450 1276 quod
464 1218 541 1273 eum,
558 1219 609 1276 qui
618 1219 682 1259 rem
692 1202 807 1276 absque
816 1203 877 1260 ulla
886 1222 975 1263 causa
984 1204 1127 1263 accidere

133 1292 247 1363 dixerit,
267 1301 301 1349 ut
320 1291 438 1348 stultum
459 1300 490 1348 et
510 1290 647 1348 insanum
669 1291 808 1349 habent»
825 1294 832 1325 ¹

192 1380 253 1439 Sed
273 1380 350 1438 haec
370 1389 431 1437 tam
451 1378 640 1451 universaliS,
662 1389 724 1438 tam
745 1391 895 1452 constans
920 1392 982 1440 tam
1002 1382 1127 1441 invinci-

132 1469 199 1529 bilis
233 1467 385 1544 persuasio
419 1467 505 1526 aliter
539 1468 682 1544 explicari
710 1470 889 1545 sufficienter
921 1490 986 1529 non
1016 1482 1125 1547 potest,

132 1558 188 1617 nisi
216 1556 386 1616 admittatur
414 1556 533 1615 fundari
559 1556 592 1615 in
618 1556 684 1632 ipso
705 1561 779 1616 vocis
805 1567 929 1617 naturae
952 1560 1125 1631 dictamine,

133 1648 164 1705 in
186 1664 246 1722 quo
268 1663 350 1704 error
372 1663 518 1704 essenon
540 1655 640 1721 potest
649 1647 667 1703 ².

192 1737 273 1810 Ergo
294 1734 474 1810 principium
495 1735 672 1793 causalitatis
690 1753 794 1794 verum
815 1748 867 1795 est.

454 1909 472 1978 ξ
491 1925 516 1964 2
545 1915 589 1962 De
610 1927 696 1964 causa
715 1915 799 1964 finali.

538 2070 560 2106 1.
586 2057 714 2144 Nationes.

193 2180 290 2238 Causa
317 2180 413 2239 finalis
438 2197 656 2280 saepenumero
683 2181 790 2240 dicitur
808 2136 929 2256 Jtnr's
942 2183 1002 2240 Est
1023 2192 1124 2240 tamen

133 2268 297 2344 amplitudo
308 2269 439 2327 notionis
452 2267 518 2326 finis
533 2269 628 2326 maior
643 2288 733 2344 quam
748 2269 881 2329 extensio
897 2287 1004 2328 causae
1019 2271 1122 2329 finalis

192 2358 277 2415 Finis
299 2357 380 2415 enim
404 2360 563 2430 generatim
592 2357 713 2417 dicitur:
744 2359 885 2434 qeirbsuid
900 2360 947 2416 rei
965 2359 1054 2416 alictii
1071 2367 1124 2416 ter·

132 2448 239 2504 minum
253 2449 344 2524 penit

193 2535 321 2610 Quod
298 2555 323 2594 s1
336 2536 477 2612 speciatim
491 2534 717 2594 consideratur
710 2555 741 2594 m
760 2535 866 2595 ordine
882 2537 1044 2609 actionum,
1059 2537 1126 2596 finis

134 2626 242 2694 estid,
270 2644 325 2700 quo
345 2625 453 2683 obtento
473 2627 600 2699 operatio
620 2627 730 2698 agentis
751 2626 860 2684 desinit.
903 2628 1004 2685 Potest
1025 2635 1126 2686 autem

133 2715 199 2773 talis
218 2713 285 2773 finis
306 2713 464 2790 dupliciter
485 2714 684 2772 considerari:
697 2761 716 2770 ..
756 2729 772 2766 ··,
1031 2761 1034 2768 ,

196 2825 221 2862 1.
243 2804 274 2861 in
295 2803 401 2862 ordine
420 2804 609 2871 exsecutionis,
631 2811 661 2862 et
674 2813 746 2861 tunc
760 2813 805 2862 est
819 2803 962 2862 terminus
976 2803 1041 2879 ipse
1056 2823 1127 2880 ope-

133 2892 255 2951 rationis
276 2901 421 2967 quatenus
442 2892 587 2967 adeptus3

195 3002 221 3040 2.
243 2982 274 3039 in
296 2981 402 3039 ordine
415 2982 586 3049 intentionis,
602 2991 632 3039 et
652 2990 724 3039 tunc
738 2991 783 3039 est
796 2981 877 3040 idem
892 2981 957 3058 ipse
971 2983 1124 3053 terminus,

133 3087 195 3126 non
217 3080 360 3142 quatenus
381 3068 514 3142 adeptus,
537 3069 591 3126 sed
613 3079 758 3142 quatenns
779 3069 1001 3146 adipiscendus.
1044 3072 1124 3130 Finis

133 3155 176 3209 sic
195 3155 369 3225 intellectus,
391 3172 459 3212 cum
473 3156 574 3230 agenti
588 3155 814 3216 inclinationem
836 3159 888 3216 det
909 3160 948 3218 ad
962 3161 1122 3235 agendum,

196 3334 298 3383 ¹Frick
316 3339 332 3384 1.
353 3356 373 3387 c.
394 3358 419 3402 p.
444 3355 501 3401 171.
576 3343 644 3396 ²Cf.
666 3349 765 3413 Logica
784 3368 809 3414 p.
834 3352 892 3401 166.
