2350 3700
17 3279 40 3336 ,Ῐῖ
59 3360 62 3363 ἢ
153 3311 237 3357 kann»
259 3311 357 3374 (Braig,
377 3316 442 3363 Vom
461 3316 596 3366 Erkennen
615 3337 640 3383 p.
662 3318 735 3381 227).

149 123 199 184 176
523 134 759 173 cntnnaioaoom

173 279 191 347 ᾖ
209 297 235 345 4.
267 286 311 332 De
329 284 503 333 certitudinis
520 285 659 347 oppositis
677 283 739 332 sive
757 284 793 332 de
812 282 898 332 dubio
918 291 946 333 et
966 282 1124 346 opinione.

207 407 230 464 1.
251 405 381 462 Dubium
401 404 568 480 generatim
597 405 751 464 definitur:
780 407 922 480 suspensio
946 405 1055 462 adsta·
1073 405 1150 461 inter

146 502 296 570 utramque
327 501 444 570 partem
478 494 711 552 contradictionis.
763 495 816 552 Est
850 494 897 552 vel
932 493 1148 553 methodicum

147 586 195 642 vel
216 584 306 642 reale.

211 693 235 730 1.
256 672 448 729 Methodimm
468 682 514 730 est
524 674 599 748 fida
620 673 769 747 quaedam
790 671 944 748 suspensio
964 673 1085 731 mentis
1103 672 1149 730 vel

146 761 257 833 iudicii,
279 778 358 836 quae
375 761 510 833 habetur,
533 780 601 818 cum
623 760 688 836 quis
709 779 814 821 revera
829 762 866 820 de
885 761 986 837 aliqua
1008 779 1044 820 re
1061 762 1151 820 certi·

146 849 282 909 tudinem
302 849 444 926 possidet.
466 850 520 909 sed
540 850 579 907 ab
600 849 665 924 ipsa
685 850 843 921 abstrahit,
863 860 896 908 ut
915 851 960 908 rei
982 851 1149 909 veritatem

147 939 310 998 scientifice
337 938 476 1014 inquirat
523 940 571 997 De
601 940 661 997 hoc
690 939 783 998 dubio
811 958 907 1014 pauca
941 939 1086 998 dicemus
1119 939 1148 996 in

147 1027 382 1102 methodologia.

210 1137 236 1174 2.
261 1116 351 1174 Rcalc
378 1127 423 1175 est
449 1134 520 1174 vera
546 1116 702 1193 suspensio
729 1117 831 1175 iudicii
858 1127 923 1176 orta
950 1135 988 1176 ex
1019 1117 1148 1176 defectu

147 1206 251 1264 motivi
271 1205 443 1264 sufficientis
463 1225 520 1282 pro
540 1225 601 1264 una
622 1205 867 1265 contradictionis
887 1197 981 1282 palte.
1012 1207 1065 1266 De
1085 1207 1148 1264 hoc

148 1294 239 1353 dubio
267 1294 298 1352 in
326 1293 527 1369 criteriologia
554 1294 650 1370 agitor
677 1314 797 1354 necnon
826 1295 858 1353 in
885 1295 1053 1371 disciplinis
1083 1315 1148 1354 mo-

148 1384 266 1442 ralibus¹

208 1471 366 1547 Multiplici
387 1472 479 1531 modo
499 1483 601 1531 tamen
622 1472 819 1549 distinguitur.
861 1473 1044 1549 Praecipuae
1068 1493 1147 1532 vero

148 1561 309 1620 divisiones
329 1561 386 1618 hae
407 1571 489 1618 sunt:
511 1584 515 1589 ·

208 1646 237 1725 a)
264 1651 388 1707 Ratione
407 1651 512 1720 mottin‘,
537 1669 598 1725 quo
620 1651 728 1722 nititur,
751 1649 892 1710 dividitur
912 1650 943 1708 in
964 1651 1161 1732 negativum¹

150 1750 180 1798 et
201 1738 370 1816 positivum.
1160 1739 1161 1746 ’

206 1827 383 1902 Negatioum
404 1828 476 1886 illud
498 1839 550 1900 est,
572 1827 604 1886 in
626 1846 687 1904 quo
702 1846 738 1887 ex
759 1838 885 1904 utraque
906 1838 992 1905 parte
1008 1829 1148 1889 rationes

149 1920 188 1978 ad
209 1917 402 1976 iudicandum
423 1918 470 1976 vel
491 1919 588 1976 nullae
607 1919 656 1977 vel
676 1919 831 1976 levissimae
852 1918 968 1977 adsunt.
1005 1919 1147 1993 Quando

150 2008 247 2065 nullae
278 2007 401 2065 omnino
436 2006 544 2065 adsunt
572 2006 720 2078 rationes,
756 2007 879 2066 dubium
914 2007 1024 2065 dicitur
1058 2027 1146 2066 mere

150 2096 320 2173 negativum
340 2096 388 2153 vel
410 2095 508 2167 inane,
531 2106 562 2154 et
583 2096 688 2155 incidit
707 2098 739 2154 in
760 2099 963 2169 ignorantiam.

149 2283 211 2331 Inst.
224 2283 275 2347 log.
290 2284 310 2343 I',
326 2282 384 2345 578.
398 2309 433 2315 —
450 2283 512 2331 «Die
532 2282 810 2348 Glaubensgewissheit
828 2283 896 2332 kann
915 2301 960 2333 aus
980 2284 1141 2333 natdrlichen

150 2362 202 2411 und
220 2361 443 2411 iibernatflriichen
457 2362 579 2410 Gninden
599 2363 638 2410 fttr
657 2364 702 2411 das
716 2364 883 2413 Bewusstsein
896 2364 942 2412 des
955 2364 1142 2413 erkennenden

150 2442 269 2506 Snbjekts
287 2443 362 2491 einen
380 2442 429 2490 viel
449 2442 562 2490 hdheren
576 2443 647 2490 Grad
666 2459 716 2491 von
732 2443 875 2507 Festigkeit
888 2440 1078 2508 (Beruhigung,
1100 2445 1142 2491 Be-

150 2519 279 2587 seligung)
298 2523 382 2571 haben
401 2522 438 2570 als
457 2522 497 2571 die
524 2522 807 2581 ,selbstverstiindliche‘
828 2522 980 2572 Gewissheit
1008 2524 1055 2573 des
1076 2524 1142 2571 Den-

149 2603 222 2651 kens.
259 2603 345 2651 Dabei
363 2603 443 2650 bleibt
462 2602 504 2651 die
523 2602 635 2651 Freiheit
654 2603 699 2651 des
720 2603 937 2663 Glaubensaktes‚
967 2604 1010 2652 die
1031 2604 1157 2669 aegras

150 2684 221 2748 dung
245 2683 291 2731 des
317 2682 551 2731 Glaubensstandes
579 2684 625 2731 aus
650 2684 692 2732 die
720 2684 799 2732 freien
826 2683 1071 2749 Entschliessungen
1101 2685 1143 2732 des

152 2763 320 2812 Glaubenden
346 2763 412 2812 doch
441 2762 529 2811 immet
556 2764 671 2827 gewahrt
700 2760 955 2827 (Verdienstlichkeit
983 2764 1049 2812 oder
1076 2765 1141 2813 Miss-

151 2839 404 2905 vcrdienstlichkeit).
430 2843 506 2891 Denn
524 2844 647 2891 wiihrend
665 2843 706 2891 bei
723 2843 769 2891 der
783 2842 1005 2907 Denkgewissheit
1018 2861 1087 2892 zwar
1101 2845 1141 2892 der

151 2923 228 2971 Wille
247 2923 312 2971 auch
331 2923 356 2970 in
369 2923 489 2971 Betracht
507 2923 611 2984 kommt,
631 2924 715 2972 sofern
732 2938 760 2971 er
773 2920 978 2987 (nachtriglich)
999 2924 1140 2971 anerkennt

152 3003 204 3049 und
223 3002 307 3050 haben
326 3001 389 3062 will,
408 3018 460 3050 was
479 3018 507 3049 er
525 3004 683 3052 abznlehnen
702 3003 754 3051 und
773 3020 803 3051 zu
822 3003 919 3051 indern
938 3003 1009 3053 nicht
1029 3020 1139 3067 vermag.

151 3082 240 3128 stehen
259 3082 316 3127 dem
329 3080 423 3128 Willen
441 3082 483 3129 bei
498 3082 544 3129 der
556 3082 832 3148 Glaubensgewissheit
844 3084 931 3133 immer
944 3083 1138 3149 Scheingrdnde
1154 3102 1155 3127 i

151 3174 181 3204 zu
201 3157 293 3216 Gebot,
313 3160 358 3205 auf
374 3159 415 3206 die
434 3176 462 3207 er
480 3160 549 3220 sich,
569 3178 598 3209 so
617 3164 653 3211 oit
671 3178 699 3210 er
716 3162 783 3222 will,
812 3179 887 3212 wenn
905 3164 970 3212 auch
991 3164 1155 3251 irrtflmlichw

151 3235 218 3281 beim
236 3236 360 3298 etwaigen
378 3237 556 3287 Widerstande
581 3256 667 3305 gegen
693 3241 734 3289 die
754 3242 1008 3305 Glaubensvorlagen
1035 3245 1139 3293 berufen
