2350 3700
276 142 417 178 DIVERSAE
438 142 621 179 SENTENTIAE
640 143 854 179 AESTIMANTUR.
1008 140 1059 193 379

68 298 100 347 et
130 299 258 347 servant.
306 290 426 347 Nullam
453 290 535 349 enim
563 290 718 351 atomistae
749 292 876 349 afferunt
903 290 1059 365 rationem,

68 388 196 454 propter
218 397 309 454 quam
329 388 496 438 atomorum
518 382 701 439 turbulentus
721 398 794 455 grex
814 380 845 438 in
866 380 946 439 illam
963 380 1061 455 potius

68 478 188 543 partem
209 486 299 542 quam
320 467 352 525 in
372 468 461 527 aliam
482 479 561 542 ruat,
586 469 618 527 in
639 470 721 528 illum
741 469 838 545 potius
859 488 950 544 quam
970 469 1060 529 alium

68 556 294 632 aggregationis
313 567 421 615 statum
439 557 561 617 incidat.
597 560 668 617 Hoc
689 577 760 617 casu
776 560 852 618 forte
867 560 977 617 factum
996 577 1059 617 esse

69 646 182 704 dicunt.
220 646 281 705 Sed
304 665 504 706 «casum-›aox
524 657 569 706 est
589 647 701 720 inanis,
731 666 807 724 quae
828 648 901 706 nihil
922 649 1058 725 explicat.

131 735 196 794 Etsi
220 746 320 794 autem
348 736 490 795 atomistis
517 736 590 796 dare
616 738 758 797 vellemus
787 748 902 797 atomos
930 757 1001 795 casu
1028 738 1059 795 in

70 826 162 883 talem
181 826 230 883 vel
251 826 342 883 talem
362 824 582 901 aggregationis
604 837 709 885 statum
732 844 889 886 occurrere
919 827 1058 902 potuisse,

70 925 171 973 tamen
193 916 341 973 rationem
356 915 552 975 sufficientem
566 917 782 991 permanentiae
795 916 880 974 huius
894 925 984 975 status
997 935 1060 974 non

11 1015 12 1018 ’
70 1003 230 1079 explicant.
269 1004 393 1062 «Hamis
414 1004 502 1063 certis
522 1005 696 1081 uncisque»,
719 1005 864 1081 inquiunt,
890 1005 998 1065 «atomi
1018 1005 1060 1065 in·

11 1147 13 1190 t
70 1103 199 1152 structae
226 1103 308 1165 sunt,
338 1094 444 1169 quibus
470 1105 551 1153 certa
573 1113 641 1164 curn
662 1094 798 1154 firmitate
820 1095 897 1154 inter
918 1114 949 1153 se
970 1114 1059 1171 copu-

11 1208 17 1221 ·
69 1179 204 1241 lanturrl
247 1183 306 1243 Sed
330 1202 422 1243 nemo
443 1194 503 1255 est,
532 1184 583 1259 qui
610 1203 672 1244 non
695 1185 809 1257 videat,
839 1204 929 1260 quam
957 1185 1059 1261 inepte

69 1273 147 1331 haec
169 1272 270 1330 omnia
291 1272 349 1329 sint
369 1272 546 1347 excogitata.

11 1365 12 1378 ¹
134 1391 160 1428 2‘
183 1370 356 1429 Atamismas
375 1379 516 1430 extremas
530 1380 571 1429 est
587 1372 745 1449 hypothesis
764 1374 897 1442 absurda,
920 1372 990 1447 quia
1011 1372 1060 1431 ab·

10 1403 16 1520 i
69 1460 161 1519 surde
182 1461 272 1519 docet
299 1470 414 1519 atomos
441 1464 537 1520 vacuis
564 1462 725 1521 intervallis
752 1462 829 1520 inter
859 1480 889 1520 se
917 1464 1058 1537 separari,

10 1536 14 1624 l
69 1550 164 1608 immo
185 1569 240 1626 per
260 1569 355 1608 vacua
374 1550 424 1608 illa
445 1552 571 1627 spatiola
592 1551 656 1611 lieri
676 1551 829 1611 transitum
850 1548 961 1610 motusl

11 1675 12 1738 p
131 1660 302 1708 Conclusio:
330 1650 502 1708 Atamismus
529 1658 671 1709 extremas
698 1657 738 1708 est
764 1651 920 1726 hypothesis
947 1651 1059 1709 aneneina

11 1741 12 1744 ’
66 1740 219 1797 reicienda.

358 1861 382 1898 2.
408 1848 449 1897 De
466 1849 594 1897 atame'sma
613 1848 778 1898 moderatiore.

136 1991 162 2029 1.
193 1970 366 2028 Atamismns
399 1971 572 2028 moderatior
606 1971 636 2028 in
671 1971 765 2028 maltis
800 1987 860 2026 cane
889 1970 1064 2045 experientia

70 2062 176 2138 optime
195 2061 350 2129 coneordat,
373 2059 404 2118 in
426 2060 460 2116 iis
482 2059 603 2131 scilicet,
631 2078 707 2134 quae
727 2058 816 2118 docet
830 2058 911 2116 circa
925 2059 1063 2116 exsisten-

70 2149 145 2208 tiam
166 2160 334 2208 atomorum
355 2159 542 2208 extensarum
563 2159 647 2207 motu
667 2147 844 2207 mechanico
863 2148 911 2205 vel
926 2148 1062 2206 chemico

11 2254 12 2307 j
69 2239 284 2315 praeditarum.
334 2239 393 2296 Sed
423 2238 500 2296 haec
529 2238 667 2296 doctrina
697 2258 715 2296 a
741 2235 887 2298 sententia
914 2237 1063 2295 scholasti-

70 2347 178 2386 corum
199 2329 282 2385 nullo
302 2327 394 2386 modo
416 2328 523 2386 differt.

136 2447 163 2484 2.
188 2425 294 2499 Quoad
310 2427 467 2484 doctrinam
487 2445 554 2484 aera
569 2428 737 2502 propriam,
767 2444 826 2501 qua
846 2423 1062 2483 moderatiores

11 2514 22 2575 >
70 2515 229 2574 atomistae
258 2526 362 2574 tenent
391 2515 487 2591 prima
517 2517 665 2575 elementa
694 2532 854 2590 corporum
885 2532 949 2572 esse
980 2515 1062 2571 omni

70 2604 294 2680 compositione
315 2605 448 2664 carentia
474 2614 504 2662 et
530 2605 562 2662 in
590 2603 713 2662 diversis
740 2603 912 2679 compositis
934 2604 1063 2662 eandem

69 2712 193 2752 servare
214 2705 364 2766 naturam,
393 2695 470 2753 haec
497 2694 560 2752 sine
581 2693 678 2751 studio
706 2694 796 2768 partis
818 2692 903 2751 statui
924 2702 1061 2768 possunt:

135 2786 165 2867 a)
186 2793 271 2850 Haec
288 2793 425 2850 sententia
445 2793 554 2850 nullane
568 2798 663 2867 patest
688 2793 742 2848 sibi
763 2791 954 2848 certitudinem
974 2791 1063 2849 uindi-

70 2900 146 2940 care.
182 2882 303 2940 Etenim
323 2891 439 2940 atomos
460 2899 525 2939 esse
546 2879 723 2939 substantias
742 2880 826 2939 omni
845 2880 1063 2955 compositione

71 2968 175 3045 (etiam
198 2972 339 3029 materiae
360 2981 391 3028 et
410 2964 536 3044 formae)
553 2980 689 3028 carentes
702 2987 802 3044 neque
817 2969 950 3028 sensibus
964 2988 1063 3044 neque

70 3060 257 3120 deductione
278 3059 400 3118 rationis
421 3070 560 3136 apparet:
589 3077 652 3117 non
673 3059 821 3132 sensibus,
854 3059 905 3134 qui
928 3069 1063 3116 naturam

69 3152 191 3209 illarum
212 3159 378 3208 atomorum
399 3149 570 3225 perspicere
592 3167 653 3207 non
681 3159 820 3224 possunt3
847 3167 910 3206 non
938 3148 1062 3218 ratione,-

69 3260 144 3298 nam
173 3239 264 3309 ratio,
292 3238 426 3313 quamvis
454 3238 546 3309 dictet
572 3238 675 3296 ultimo
699 3239 820 3294 tandem
841 3236 1062 3295 deveniendum

70 3347 138 3388 esse
159 3328 200 3386 ad
220 3327 369 3390 elementa
389 3347 451 3386 non
473 3326 655 3401 composita,
683 3337 784 3387 tamen
804 3342 866 3382 non
888 3324 959 3382 dicit
986 3324 1063 3380 haec
