2350 3700
379 144 417 180 nr
436 143 645 182 nucromrnrn.
844 179 847 186 ,
960 139 1008 196 157

88 309 111 346 1.
133 289 218 347 Prior
239 291 323 349 huius
336 291 476 368 principii
497 310 575 367 pars,
597 290 751 350 hominem
766 290 879 350 scilicet
899 291 1010 350 habere

36 377 249 438 inclinationem
259 383 422 439 naturalem
432 381 472 438 ad
480 380 637 440 veritatem
652 381 906 456 cognoscendam,
923 399 1011 457 supra

34 461 147 542 [p.132)
169 468 324 527 declarata
345 480 397 529 est.

84 577 108 614 2.
139 557 273 618 Alterius
306 577 379 618 vero
413 559 506 635 partis
538 560 647 618 veritas
681 560 856 636 experientia
889 561 1011 618 emnium

32 652 173 722 temporum
195 651 374 724 mniumque
388 650 560 725 populorum
581 649 779 725 comprobata
798 658 850 708 est.
888 649 1012 724 Semper

31 735 100 793 enirn
136 737 311 812 experimur
343 738 482 798 homines
516 737 646 798 veritatis
680 749 711 797 et
746 737 914 798 veracitatis
948 756 1012 798 esse

31 835 166 897 amantes,
189 827 313 886 mentiri
334 827 405 903 ipsis
425 838 511 904 turpe
531 828 643 899 videri,
665 827 707 886 ita
727 838 758 886 ut
778 846 942 903 numquam
963 827 1013 888 de·

33 914 131 988 cipiant
157 913 219 974 nisi
241 917 296 975 sub
317 917 428 975 influxu
449 917 617 993 cupiditatis
638 917 749 976 aliusve
770 916 932 993 passionis,
964 935 1014 975 na·

33 1005 143 1062 trualem
164 1017 285 1064 motum
306 1005 344 1064 ad
364 1007 519 1066 veritatem
540 1007 750 1082 perturbantis.

80 1092 176 1166 Hinc,
207 1095 248 1167 si,
270 1095 391 1170 cognita
411 1095 528 1155 testium
548 1095 652 1154 indole
673 1113 833 1171 rerumque
855 1095 1010 1167 adiunctis,

36 1181 176 1241 evidenter
191 1203 342 1260 apparere
356 1185 466 1261 poterit
480 1185 656 1245 occasiones
670 1185 791 1244 errandi
803 1186 850 1244 vel
864 1185 1018 1262 decipiendi

36 1279 74 1349 ptr
87 1273 222 1343 meidens,
240 1273 272 1331 in
286 1293 357 1333 casu
367 1276 499 1349 quodam
508 1273 688 1350 particulari,
704 1292 766 1332 non
777 1274 915 1346 adfuisse,
930 1292 1015 1334 mens

38 1363 248 1422 exauctoritate
257 1364 388 1423 humana
397 1363 605 1422 certitudinem
618 1363 699 1422 circa
707 1364 863 1423 veritatem
877 1363 1015 1424 traditam

37 1447 136 1510 haurire
165 1453 288 1528 poterit.
331 1454 417 1527 Quae
445 1453 567 1529 quidem
588 1452 750 1526 certitudo,
780 1473 847 1514 curn
875 1453 1016 1512 innitatur

40 1537 89 1613 lege
109 1543 246 1615 quadam
265 1543 379 1615 morali,
402 1543 548 1602 certitudo
570 1542 677 1602 dicitur
698 1543 818 1602 moralis
831 1545 848 1601 ¹.

83 1630 190 1690 Talem
212 1643 313 1692 autem
333 1633 514 1692 evidentiam
535 1650 640 1691 revera
661 1632 765 1692 haberi
785 1650 888 1708 posse,
910 1631 1016 1708 negari

44 1719 129 1793 tequit
148 1721 208 1780 nisi
231 1723 345 1794 abeo,
375 1722 426 1798 qui
446 1723 579 1781 valorem
601 1720 802 1798 experientiae
830 1721 1016 1797 aliommque

31 1807 221 1885 aiteriorum,
245 1812 284 1871 de
305 1811 412 1888 quibus
432 1810 491 1870 iam
512 1811 648 1884 diximus,
671 1811 784 1871 reicere
804 1810 883 1871 velit.

90 1900 229 1961 Admissa
267 1902 347 1960 euim
381 1902 488 1960 horum
522 1901 708 1960 criteriorum
742 1900 940 1976 legitimitate,
979 1919 1016 1959 ex

48 1990 190 2063 respectis
213 2009 314 2049 rerum
334 1990 488 2062 adiunctis,
510 1990 628 2050 testium
649 1990 823 2067 praesertim
844 1990 945 2049 indole
969 1990 1017 2048 vel

51 2089 158 2152 nmero,
181 2091 247 2139 tam
268 2081 347 2139 clare
368 2098 515 2156 apparere
529 2090 628 2157 potest
648 2078 823 2156 impeditum
844 2098 906 2139 non
928 2078 1016 2138 fuisse

51 2166 79 2246 pl
102 2172 307 2243 perturbatum
333 2170 498 2229 naturalem
526 2170 634 2229 mentis
661 2180 691 2227 et
710 2170 867 2228 voluntatis
895 2179 1016 2241 motum,

83 2276 113 2313 ne
132 2261 297 2337 imprudens
316 2260 426 2336 quidem
452 2260 567 2318 dubium
586 2261 661 2317 eirca
680 2260 822 2317 scientiam
849 2260 897 2317 vel
913 2261 1017 2318 ueraci·

29 2407 37 2434 ἢ.
76 2364 113 2403 em
132 2352 248 2408 testium
269 2351 380 2409 exoriri
397 2350 520 2408 valeat².
563 2350 612 2408 Sic
633 2366 672 2407 ne
701 2348 874 2424 imprudens
895 2348 1017 2424 quidem

29 2541 169 2612 fpntraire»
203 2542 259 2609 (De
285 2547 380 2607 Smea't,
412 2546 544 2611 Principes
572 2546 606 2594 de
634 2545 740 2610 critique
770 2544 907 2610 historique
936 2541 1018 2607 (Paris

30 2615 114 2685 <asp
130 2640 155 2688 p.
176 2626 222 2675 61.

98 2700 160 2755 ¹cf.
180 2723 260 2771 supra
276 2723 302 2771 p.
322 2719 365 2768 40.

94 2779 244 2850 ’ceraque
262 2787 308 2835 fois
334 2787 400 2835 donc
426 2784 503 2851 qu’on
529 2802 590 2835 aura
616 2802 658 2835 sur
683 2802 717 2835 un
742 2786 786 2834 fait
809 2786 894 2834 donne
917 2801 951 2833 un
977 2801 1018 2835 en-

30 2901 40 2933 2:
55 2862 126 2926 mule
142 2867 175 2917 de
195 2866 370 2931 temoignages
389 2867 532 2916 conformes
550 2866 680 2915 tellement
698 2865 851 2926 nombreux,
878 2873 904 2913 et
922 2865 1018 2914 tournis

30 2953 82 3014 ,sur
97 2944 138 2994 des
156 2947 273 2997 hommes
290 2947 377 3012 places
395 2948 458 2997 dans
477 2948 522 2996 des
541 2946 729 2995 circonstances
748 2946 768 2994 si
782 2946 893 2995 diverses
905 2944 966 3010 qu’il
979 2954 1018 2994 est

56 3021 181 3076 missit
201 3026 350 3092 impossible
369 3028 402 3076 de
420 3043 545 3092 supposes
562 3027 609 3075 des
628 3025 731 3076 interets
756 3042 790 3075 ou
815 3027 860 3075 des
886 3025 1017 3076 affections

29 3103 210 3178 Efetrelconques,
230 3108 273 3173 qui
292 3108 361 3158 aient
378 3109 453 3173 egare
472 3108 526 3157 leur
544 3107 706 3172 intelligence
725 3122 759 3155 ou
776 3106 887 3171 perverti
905 3107 959 3155 leur
976 3122 1018 3155 vo-

37 3187 102 3242 ante
119 3188 149 3238 de
168 3185 308 3239 muniere
299 3204 315 3237 a
332 3188 387 3237 leur
404 3188 466 3237 faire
485 3195 633 3237 commettre
652 3183 719 3235 oud
743 3187 798 3236 leur
822 3187 882 3236 faire
910 3186 1019 3235 affirmet

31 3273 122 3340 „dous
138 3271 163 3319 la
181 3269 263 3321 meme
281 3285 373 3330 errcur,
394 3284 427 3317 on
445 3268 584 3333 possedere
602 3266 742 3317 l'avidence
761 3268 856 3317 morale
869 3268 901 3316 de
914 3282 943 3316 ce
956 3268 1014 3315 fait

30 3317 92 3422 §.De
107 3350 218 3400 Smedtl
238 3348 283 3413 c..)
