2350 3700
147 133 199 182 232
452 133 490 168 DE
511 133 572 169 {PSA
593 133 721 169 RATIONE
741 133 833 170 ENTIS.

146 281 362 354 cognoscendo
383 281 481 356 primo
495 281 710 356 permiscemus
724 298 769 351 ea,
792 299 870 354 quae
891 280 949 356 ipsi
973 282 1152 339 necessario

146 370 337 440 conveniunt,
353 387 422 426 cum
436 370 480 440 iis,
496 387 583 443 quae,
600 371 681 428 salva
694 380 800 427 natura
814 370 953 441 hominis,
975 369 1095 428 adesse
1110 371 1152 427 vel

146 459 251 517 abesse
273 470 405 534 possunt.
444 458 622 517 Reflexione
644 457 764 529 deinde,
787 459 1002 532 abstractione,
1028 477 1154 534 compa·

146 549 263 606 ratione
283 546 435 617 institutis,
462 548 630 606 invenimus
651 558 682 605 et
702 548 782 606 clare
803 549 1005 623 perspicimus
1028 549 1064 606 in
1089 549 1153 624 ipso

147 637 304 705 elementa,
326 655 404 710 quae
426 637 465 694 ab
486 637 609 695 homine
630 637 736 694 abesse
757 654 820 693 non
840 649 974 712 possunt,
999 639 1083 712 quin
1107 637 1153 695 de·

147 726 224 784 sinat
244 743 309 784 esse
329 727 436 794 hom0,
462 726 538 783 illud
552 727 655 782 seilicet
672 727 729 801 ipsi
746 726 942 795 intrinsecum,
969 747 1028 802 quo
1040 728 1102 802 fit,
1126 735 1155 783 ut

147 813 251 872 lrabeat
276 821 412 872 naturam
438 815 559 872 hominis
586 821 615 871 et
640 834 696 872 nen
723 816 857 872 animalis
883 817 963 873 bruti
990 833 1018 874 e.
1047 835 1082 891 g.
1108 817 1153 874 vel

148 903 270 978 lapidis:
299 913 330 962 et
357 903 416 961 hoc
443 921 586 962 vocamus
609 905 763 962 essentiam.
808 904 984 963 Generatim
1013 905 1154 980 proinde

149 993 276 1050 essentia
296 993 464 1051 declaratur
486 1003 517 1050 ut
537 993 581 1062 sit,
604 994 643 1061 id,
664 1011 719 1066 quo
739 1011 785 1050 res
805 1001 848 1050 est
865 995 899 1051 id
914 995 994 1068 quod
1011 1002 1063 1052 est.

209 1083 254 1138 Ex
276 1099 313 1139 eo
334 1099 423 1152 vero,
454 1082 537 1156 quod
567 1082 695 1140 essentia
723 1093 767 1140 est
797 1082 843 1154 id,
876 1101 936 1157 quo
965 1102 1016 1141 res
1037 1095 1087 1142 est
1119 1083 1150 1140 id

149 1170 231 1245 quod
258 1181 317 1241 est,
345 1171 478 1244 sequitur
499 1172 604 1241 etiam,
632 1181 664 1228 ut
689 1171 725 1229 sit
753 1171 840 1243 illud,
869 1190 930 1247 quo
957 1191 1007 1230 res
1035 1173 1150 1231 consti-

149 1261 238 1318 tuitur
266 1260 296 1317 in
326 1260 450 1334 propria
476 1278 528 1318 sua
555 1260 672 1336 specie,
704 1260 844 1319 distincta
866 1262 904 1319 ab
932 1262 1007 1319 aliis
1051 1263 1149 1320 Unde

149 1350 225 1407 haec
254 1368 273 1405 a
303 1349 331 1406 S.
363 1350 497 1407 Doctore
531 1349 686 1424 proposita
721 1349 869 1407 definitio:
911 1351 1068 1407 «Essentia
1106 1359 1151 1407 est

150 1439 237 1506 illud,
266 1445 324 1512 per
355 1438 434 1512 qued
463 1456 510 1494 res
543 1440 723 1495 constituitur
755 1440 787 1494 in
814 1441 936 1515 proprio
964 1457 1071 1512 genere
1101 1441 1153 1497 vel

150 1527 244 1602 specie,
266 1528 382 1601 etquid
398 1527 587 1602 signficamus
603 1536 660 1602 per
672 1527 861 1602 definitionem
874 1529 1055 1598 radicantem,
1078 1530 1153 1603 quid

151 1625 193 1674 est
210 1617 308 1673 res.›>¹

211 1704 347 1763 Essentia
368 1704 512 1780 denique,
535 1724 604 1762 curn
625 1705 661 1763 sit
682 1723 746 1763 esse
768 1705 992 1764 fundamentale
1015 1707 1076 1778 rei,
1101 1709 1149 1766 cui

153 1806 252 1854 cetera
266 1795 368 1853 omnia
382 1803 628 1871 superstruuntur,
647 1805 676 1853 et
692 1813 785 1870 aquo
800 1796 891 1854 multa
905 1795 935 1854 in
950 1814 983 1855 re
999 1794 1149 1869 defluunt,

153 1885 291 1943 definitur
318 1885 407 1942 etiam
435 1900 669 1959 saepenumero:
698 1885 744 1953 id,
772 1886 850 1959 qued
873 1887 904 1942 iri
930 1903 963 1942 re
983 1888 1153 1962 percipitur

153 1983 296 2049 tamquam
318 1975 445 2048 primum
472 1975 531 2030 eius
557 1974 763 2031 constitutivum
783 1982 811 2029 et
830 1982 974 2049 toriquem
994 1976 1076 2049 fons
1098 1996 1152 2033 oni·

153 2066 231 2121 nium
251 2065 296 2120 rei
309 2064 525 2138 proprietatum.
1159 2132 1160 2135 Ἰ

215 2154 259 2209 Ex
273 2152 319 2208 his
333 2152 471 2209 omnibus
486 2152 674 2226 intellegitur,
697 2171 749 2210 cur
768 2163 828 2210 tam
842 2152 960 2211 diversa
981 2154 1043 2211 sint
1063 2172 1152 2211 essen·

154 2244 211 2298 tiae
231 2243 353 2299 nemina.
397 2241 551 2314 Quatenus
573 2252 617 2299 est
638 2241 684 2311 id,
716 2259 775 2316 quo
797 2260 844 2299 res
866 2252 910 2300 est
930 2242 962 2299 id
986 2242 1074 2317 quod
1100 2256 1148 2311 est,

154 2331 202 2388 vel
217 2341 261 2389 est
275 2330 403 2388 fundans
423 2327 454 2384 τὸ
470 2348 534 2388 esse
549 2330 601 2401 rei,
625 2329 731 2388 dicitur
744 2332 863 2387 essentia
878 2326 907 2404 (a
920 2349 996 2388 voce
1015 2328 1149 2403 «esse»);

157 2430 300 2495 quatenus
322 2429 365 2477 est
390 2418 437 2490 id,
466 2436 527 2493 quo
548 2420 746 2493 respondetur
767 2420 948 2493 quaestioni:
982 2422 1087 2494 «Quid
1110 2434 1150 2479 est

156 2509 250 2567 hoe?>›
281 2508 389 2565 dicitur
410 2508 569 2582 quidditas;
599 2518 743 2581 quatenus
765 2518 809 2566 est
829 2508 875 2579 id,
905 2527 966 2583 quo
988 2528 1039 2568 res
1060 2512 1149 2568 habet

156 2617 240 2657 suum
260 2616 324 2655 esse
346 2595 492 2672 speciale,
514 2596 687 2654 distinctum
709 2598 747 2655 ab
767 2598 893 2655 aliorum
914 2616 995 2668 esse,
1027 2612 1149 2657 vocatur

156 2688 272 2763 species,·
299 2696 387 2761 prout
408 2696 452 2743 est
478 2684 523 2755 id,
553 2704 613 2759 quo
635 2703 683 2743 res
704 2686 897 2761 intellegitur,
925 2686 1036 2745 dicitur
1058 2690 1159 2752 retia*

158 2787 303 2851 quatenus
324 2785 367 2831 est
388 2774 623 2844 fundamentum,
646 2774 728 2848 quod
750 2775 980 2849 proprietatibus
997 2776 1159 2855 defluenti-i

157 2867 212 2923 bus
233 2865 279 2922 vel
309 2863 546 2921 modificantibus
571 2862 777 2921 accidentibus
798 2863 923 2932 substat,
953 2864 1067 2923 dicitur
1094 2867 1146 2923 snt

157 2956 282 3023 stantia,·
307 2961 396 3027 prout
416 2951 548 3025 denique
569 2963 614 3009 est
635 2952 702 3009 fons
722 2952 770 3009 vel
791 2951 970 3028 principium
994 2954 1146 3012 activitatis

159 3044 255 3099 omnis
276 3041 319 3097 rei
340 3042 583 3114 supervenientis,
606 3041 714 3099 dicitur
735 3042 869 3097 πένητ’.

222 3230 230 3260 ¹
249 3233 275 3279 S.
299 3233 392 3291 Thena,
412 3235 453 3281 De
472 3245 530 3283 ente
549 3243 574 3283 et
593 3236 701 3284 essentia
719 3252 741 3285 c.
766 3250 787 3285 1.

221 3305 288 3354 ²cf.
309 3310 422 3368 Mercier,
441 3312 552 3360 Notions
570 3314 737 3380 d'Ontologie
756 3333 781 3380 p.
805 3316 836 3365 16
855 3326 880 3365 et
903 3327 942 3379 17.
