2350 3700
307 206 344 241 DE
365 202 546 241 SYLLOGISMIS
566 202 785 239 HYPOTHETICIS.
1005 187 1040 249 83

63 354 182 430 proinde
209 353 286 411 inter
307 353 386 428 ipsas
414 352 516 428 vigent
536 352 697 409 relationes
723 369 760 408 ac
781 350 858 408 inter
881 350 954 407 duas
975 368 1041 425 pro·

63 443 218 518 positiones
240 441 405 500 contrarias
427 440 467 517 (p.
492 457 538 516 52,
561 435 611 514 Il).

118 532 213 589 Hinc:
243 532 297 589 Ex
316 532 436 589 veritate
456 532 540 587 unius
562 532 746 606 conponentis
772 530 898 604 sequitur
918 530 1042 603 salsitas

63 623 181 690 alterius,
203 622 255 677 sed
272 638 307 676 ex
321 620 459 694 falsitate
478 621 562 675 anim
583 638 639 675 non
655 620 782 692 sequitur
794 621 901 676 verr'tas
914 620 1039 676 alterius.

116 712 152 767 Il.
174 709 267 769 Unde
286 709 390 766 unicus
411 717 524 766 tantum
547 718 628 765 recte
643 707 845 766 concludendi
866 708 973 765 modus
993 706 1043 764 ad·

61 800 129 857 mitti
149 809 259 874 potest,
281 798 389 855 modus
410 797 523 855 scilicet
544 796 596 871 qui
619 796 727 854 dicitur
740 793 989 872 ponendo-tollens,
1012 795 1042 855 id

63 898 115 947 est:
141 888 204 945 Uno
225 888 412 945 membrorum
433 887 549 943 maturis
569 888 601 942 in
621 887 728 943 minore
749 887 842 961 posito
863 880 1042 960 (affirmato),

62 980 174 1034 alterum
195 978 275 1034 debet
294 979 324 1033 in
339 977 507 1033 conclusione
528 976 591 1032 tolli
610 975 658 1033 vel
678 974 792 1050 negari.
822 976 856 1034 E.
873 991 917 1050 g.:
940 976 1043 1033 Petrus

63 1086 116 1125 non
138 1067 224 1125 simul
246 1067 332 1124 sedet
353 1074 382 1123 et
404 1076 467 1123 stat.
510 1064 603 1139 Atqui
624 1066 727 1122 Petrus
747 1064 840 1123 sedet.
878 1067 960 1140 Ergo
981 1081 1043 1122 non

62 1168 117 1213 stat.
141 1156 303 1231 Illegitima
316 1172 389 1213 vero
404 1164 448 1212 est
458 1154 561 1212 illatio:
580 1153 672 1227 Atqui
687 1171 749 1211 non
763 1154 856 1213 sedet.
881 1156 963 1229 Ergo
978 1164 1042 1213 stat.

21 1328 23 1411 l
289 1312 306 1379 ξ
326 1328 349 1377 3.
383 1317 427 1365 De
446 1316 612 1377 syllogismo
632 1316 810 1365 disiunctivo.

114 1432 136 1487 Ι.
159 1429 403 1504 Propositionem
418 1428 625 1487 disiunctivam
640 1428 748 1488 scimus
763 1425 803 1504 (p.
819 1425 869 1505 46)
891 1431 1045 1489 enuntiare

65 1520 133 1578 inter
148 1520 250 1595 plures
264 1518 485 1594 propositiones
507 1518 654 1577 eiusmodi
669 1518 853 1589 relationem,
875 1530 907 1577 ut
923 1522 990 1577 illue
1004 1538 1047 1577 ae·

65 1617 162 1682 pareant
175 1627 233 1666 esse
246 1610 333 1666 sz'rrrul
343 1626 428 1667 verae
441 1632 494 1667 nec
508 1618 593 1689 simul
603 1619 699 1675 falsae,
712 1609 766 1666 sed
781 1609 949 1667 necessario
960 1628 1047 1685 quae·

65 1700 128 1757 dam
141 1717 243 1770 verae,
260 1699 410 1773 quaedam
421 1699 511 1756 falsae
521 1698 670 1757 exsistant.
693 1697 819 1756 Diversa
833 1701 1047 1773 componentia

64 1790 185 1864 proinde
201 1788 278 1846 inter
293 1806 324 1846 se
340 1788 461 1846 easdem
475 1788 635 1846 relationes
649 1788 762 1846 habent
777 1808 813 1845 ac
828 1787 1046 1865 propositiones

65 1878 322 1949 contradictoriae,
345 1897 412 1936 cum
434 1878 540 1953 quibus
562 1877 759 1936 assimilantur
780 1874 819 1953 (p.
844 1895 889 1954 51.
914 1874 971 1954 52).

119 1968 218 2026 Hinc:
248 1968 301 2024 Ex
329 1970 449 2026 veritate
476 1969 560 2025 unim
578 1969 764 2044 conponentis
785 1971 912 2043 sequitur
925 1969 1049 2042 salsitas

65 2058 141 2127 olias,
163 2065 191 2114 et
211 2076 247 2114 ex
261 2056 399 2131 falsitate
418 2059 503 2115 anim
522 2060 650 2132 sequitur
669 2059 776 2115 veritos
795 2059 877 2115 alius.

120 2148 156 2204 ΙΙ.
190 2149 260 2204 Duo
290 2145 418 2220 proinde
448 2146 625 2204 admittendi
659 2156 726 2204 sunt
752 2146 834 2204 modi
864 2157 944 2206 recte
980 2166 1049 2205 con-

21 2255 23 2298 ῑ
67 2235 220 2294 cludendi:

123 2346 147 2383 1.
171 2325 281 2382 Modus
289 2326 538 2402 ponendo-tollens,
561 2325 578 2383 i.
595 2343 621 2383 e.
637 2344 697 2383 uno
712 2327 913 2384 membrorum
929 2325 1048 2384 maioris

21 2417 23 2436 '
67 2415 93 2470 in
112 2415 230 2472 minore
253 2414 408 2487 affirmato,
431 2416 556 2473 alterum
576 2416 624 2473 vel
645 2414 703 2472 alia
723 2415 754 2473 in
769 2415 961 2474 conclusione
983 2425 1050 2473 sunt

66 2504 211 2578 neganda.
253 2505 288 2560 E.
309 2519 353 2579 g.:
376 2507 437 2562 Aut
457 2503 521 2563 dies
542 2514 595 2575 est,
618 2516 667 2562 ant
687 2523 756 2562 nox.
799 2505 890 2580 Atqui
912 2505 975 2563 dies
996 2517 1048 2563 est.

67 2595 142 2668 Ergo
164 2611 229 2652 non
252 2603 296 2651 est
316 2612 385 2652 nox.

123 2705 148 2740 2.
171 2682 283 2740 Modus
295 2683 539 2760 tollendo-ponent,
562 2683 580 2742 i.
596 2702 622 2742 e.
638 2702 699 2742 uno
714 2685 916 2742 membrorum
930 2683 1051 2742 maioris

66 2771 94 2828 in
113 2774 232 2830 minore
253 2781 373 2847 negato,
395 2773 474 2831 aliud
496 2775 543 2832 vel
558 2773 615 2830 alia
636 2773 666 2830 in
682 2773 874 2832 conclusione
889 2785 956 2832 sunt
977 2774 1053 2831 affir-

67 2863 183 2919 manda.
227 2860 284 2931 Sic,
307 2862 337 2918 in
360 2863 497 2937 exemplo
518 2864 617 2933 allat0,
640 2874 721 2922 recte
736 2863 936 2921 concluditur:
959 2863 1051 2938 Atqui

67 2969 123 3007 non
145 2961 193 3009 est
213 2951 285 3009 dies.
329 2953 410 3025 Ergo
432 2962 477 3010 est
496 2971 566 3010 nox.

122 3040 304 3098 Notandum.
342 3040 419 3098 Cum
440 3041 477 3098 de
498 3051 605 3099 natura
625 3041 837 3116 propositionis
858 3040 1051 3100 disiunctivae

69 3129 112 3200 sit,
134 3139 169 3187 nt
190 3129 324 3188 enuntiet
344 3129 516 3205 praedicata
537 3131 666 3189 iudicata
694 3131 778 3189 simul
800 3130 933 3189 subiecto
955 3131 1051 3190 inesse

70 3237 125 3277 non
154 3237 259 3294 posse,
289 3219 420 3294 sequitur
440 3231 486 3292 ut,
516 3219 639 3295 quando
665 3221 800 3278 membra
827 3221 947 3279 maioris
968 3223 1053 3295 plura

70 3320 131 3366 sunt
152 3328 244 3384 quarn
266 3309 334 3380 du0,
355 3327 416 3367 uno
437 3309 467 3366 in
489 3309 605 3367 minore
627 3309 787 3378 affirmate,
810 3321 911 3366 cetera
932 3310 963 3364 in
984 3327 1053 3364 con·

71 3397 199 3458 elusione
227 3399 382 3475 copulative
409 3398 540 3471 neganda
566 3397 637 3465 sint,
667 3396 684 3453 i.
708 3415 732 3453 e.
756 3394 889 3453 adhibita
909 3394 1049 3465 particula

854 3490 870 3534 6
878 3489 893 3516 Φ
