2350 3700
967 8 1171 119 -

112 174 163 225 372
304 175 343 211 DE
361 174 460 211 cnusts
480 174 619 211 subiturus
640 174 736 211 MUNDI
757 173 908 211 CORPOREL

369 347 387 413 ξ
409 362 430 398 1.
462 350 666 411 Dynamismus
685 350 838 413 exponitur.

170 472 366 549 Dynamistae
395 472 507 531 docent
536 473 634 549 prima
663 475 811 531 elementa
841 490 1007 547 corporum
1040 489 1108 529 esse

110 563 287 621 substantias
307 563 457 638 sinpliccs,
479 561 687 634 indivisibiles,
716 564 893 631 inextensas,
925 558 1109 636 incorrupti·

108 652 192 724 biles,
214 654 289 711 vires
309 651 454 727 quasdam
469 645 612 727 (δύναμις),
635 669 760 727 quarum
779 662 887 709 natura
908 650 1059 709 consistat
1076 649 1108 705 in

111 740 284 800 continuata
304 740 433 817 quadam
454 740 598 800 motione.
637 740 758 816 Duplici
777 759 858 820 vero,
871 740 902 798 vi
922 738 1109 798 substantias

109 831 174 889 illas
195 849 259 889 esse
280 830 445 907 praeditas:
467 829 497 889 vi
518 829 631 889 scilicet
651 832 843 899 attractionis,
873 847 933 905 qua
953 848 1015 887 una
1039 828 1110 886 sub·

109 920 217 978 stantia
236 920 320 978 alteri
340 919 467 989 uniatur,
489 930 519 978 et
536 919 566 977 vi
579 920 756 995 repulsionis,
778 938 838 994 qua
850 937 912 977 una
926 917 1108 986 substantia,

109 1011 181 1068 dum
202 1011 241 1069 ab
262 1009 320 1067 alia
340 1009 471 1079 trahitur,
493 1020 576 1068 certo
598 1008 685 1085 spatii
704 1010 860 1067 intervallo
881 1008 995 1066 distans
1010 1008 1109 1065 collo·

110 1110 200 1157 cetur.
230 1099 367 1174 Corpora
381 1098 491 1158 deinde
506 1116 543 1156 ex
556 1098 712 1157 elementis
725 1098 885 1157 inextensis
898 1096 963 1156 fieri
977 1106 1110 1155 extensa

108 1206 145 1247 ex
166 1188 231 1263 ipsa
250 1187 301 1245 illa
320 1187 497 1247 attractione
511 1199 541 1247 et
556 1189 725 1263 repulsione
740 1189 965 1247 elementorum.
995 1186 1108 1244 Diver-

108 1278 178 1336 sitas
199 1278 330 1353 denique
344 1296 505 1353 corporum
519 1277 599 1336 iuxta
613 1278 795 1337 recentiores
809 1276 992 1353 dynamistas
1007 1276 1109 1335 oritur

109 1386 146 1426 ex
166 1366 272 1425 virium
292 1367 467 1438 vibratione,
490 1385 568 1442 quae
589 1385 645 1443 pro
665 1367 747 1425 varia
768 1366 967 1444 explicatione
985 1365 1107 1425 virtutis

109 1456 281 1515 attractivae
303 1466 334 1515 et
354 1456 519 1531 repulsivae
541 1456 659 1515 diversa
680 1456 723 1516 sit.

168 1546 303 1620 Systema
322 1545 395 1603 illud
416 1567 434 1605 a
454 1545 624 1622 Pythagora
644 1546 816 1619 inventum,
838 1565 856 1603 a
877 1544 1036 1605 Leibnizio
1059 1545 1107 1603 di·

108 1634 213 1693 stincte
234 1634 363 1711 primum
379 1635 574 1711 propositum,
597 1637 650 1695 sed
664 1647 769 1712 postea
782 1635 935 1707 reiectum,
958 1655 976 1692 a
991 1638 1108 1694 Bosco-

107 1725 207 1784 vichio
229 1727 257 1783 S.
276 1727 301 1800 J.
325 1718 547 1799 (1711-1787)
575 1726 767 1784 emendatum
796 1736 826 1783 et
853 1724 1053 1800 explicatum,
1088 1744 1108 1782 a

108 1816 222 1874 Kantio
243 1814 410 1874 absolutum
431 1825 482 1874 est.
521 1815 599 1874 Cum
609 1825 718 1908 ‘autem
739 1814 909 1874 Leibnizius
930 1813 1031 1890 prima
1052 1814 1108 1872 illa

108 1923 206 1964 rerum
227 1904 375 1982 principia
395 1906 527 1964 monades
546 1916 684 1978 vocaret,
712 1905 789 1965 haec
813 1905 989 1982 hypothesis
1011 1905 1106 1963 etiarn

108 1995 297 2052 mortadismus
317 2006 362 2054 est
382 1995 462 2054 dicta
477 1996 494 2055 ¹.

381 2159 399 2228 ξ
419 2176 442 2212 2.
473 2163 650 2214 Atornisrnus
669 2164 823 2228 exponitur.

169 2286 288 2360 Duplex
307 2285 449 2363 distingui
469 2296 568 2362 potest
583 2286 770 2346 atomismus:
792 2285 966 2345 atomismus
980 2287 1105 2345 mecha·

107 2374 191 2433 nicus
212 2376 259 2433 vel
280 2385 443 2448 extremus,
472 2387 502 2434 et
522 2376 695 2435 atomismus
715 2375 854 2453 physicus
874 2376 923 2434 vel
945 2376 1103 2435 chemicus

108 2464 169 2522 sive
190 2463 380 2523 moderatior.

167 2556 190 2612 Ι.
212 2554 384 2612 Atomismus
397 2556 569 2613 mecham'cus
582 2556 630 2614 vel
640 2561 787 2613 extremus.
799 2586 838 2594 -
848 2555 930 2613 Huic
944 2556 1102 2629 systemati
1165 2551 1166 2556 ’

109 2643 160 2718 qui
181 2653 247 2701 sunt
267 2643 395 2716 addicti,
426 2663 554 2720 corpora
576 2645 677 2703 omnia
698 2644 810 2703 docent
829 2643 968 2703 constitui
996 2647 1104 2702 atomis

171 2801 180 2832 ¹
198 2805 316 2867 Longum
335 2814 373 2852 est
392 2805 503 2855 diversas
522 2805 678 2854 diversorum
697 2804 794 2854 illorum
813 2804 1023 2870 philosophorum
1043 2823 1103 2854 sen·
1163 2793 1164 2802 ¹

109 2884 199 2932 tentias
217 2885 318 2934 referre.
351 2885 400 2946 Qui
418 2887 491 2950 plura
510 2885 542 2934 de
561 2886 609 2935 hac
627 2901 654 2934 re
673 2885 807 2946 desiderat,
828 2885 897 2934 adire
916 2893 1001 2950 potest
1019 2888 1101 2937 Pesch

108 2964 125 3012 l.
139 2980 160 3013 c.
174 2964 194 3025 I,
209 2966 260 3027 366
273 2981 319 3029 sq.,
333 2967 392 3014 item
405 2967 514 3015 Lehmen
526 2967 542 3015 l.
557 2982 578 3015 c.
593 2966 625 3026 II,
640 2967 666 3014 P.
680 2965 700 3026 1,
718 2978 768 3026 124
780 2983 825 3030 sq.,
841 2967 884 3015 ubi
898 2967 930 3015 de
943 2968 1101 3017 monadibus

108 3044 172 3092 haec
190 3044 281 3092 habet:
315 3045 387 3093 «Den
406 3047 535 3095 Monaden
554 3046 608 3109 legt
626 3061 655 3094 er
674 3043 804 3110 (Leibniz)
830 3047 902 3096 nicht
927 3063 975 3096 nur
992 3048 1101 3113 Theng-

108 3121 168 3177 keit,
188 3122 298 3168 sondern
317 3124 381 3170 auch
400 3125 490 3172 Leben
508 3125 558 3183 bei,
578 3125 631 3172 und
650 3141 717 3174 zwar
735 3126 780 3174 das
799 3126 931 3186 sinnliche,
952 3128 1033 3176 durch
1053 3129 1100 3177 Er-

107 3195 208 3242 kennen
228 3200 279 3244 und
295 3200 429 3261 Begehren
448 3203 502 3250 sich
522 3203 702 3267 bethaitigende
721 3205 819 3254 Leben.
854 3207 885 3270 Ja
900 3207 959 3270 jede
982 3208 1099 3258 einzelne

108 3271 232 3329 Monade,
259 3275 295 3320 als
314 3276 429 3325 einfache
448 3281 585 3340 Substanz,
615 3282 658 3330 hat
677 3282 734 3331 eine
754 3301 829 3334 wenn
849 3287 912 3335 auch
933 3302 981 3334 nur
999 3287 1097 3336 dunlrle

108 3343 260 3399 Erkenntnis
279 3351 323 3395 des
341 3369 437 3412 ganzen
456 3356 595 3407 Weltalls.»
