2350 3700
131 106 180 157 ¹3⁰
509 106 739 145 carruaronocrn.

187 248 215 328 a)
230 253 486 328 Quotiescumque
500 254 539 313 de
553 254 676 313 veritate
691 254 791 329 aliqua
804 254 1026 312 certitudinem
1042 252 1134 309 habe·

127 360 208 415 mus,
237 343 391 417 quodnam
412 352 456 401 est
476 342 561 401 huius
589 342 773 401 certitudinis
794 342 940 401 motivum
964 340 1133 401 ultimum?

127 442 211 492 estne
224 432 293 503 tale,
309 442 340 490 ut
354 450 391 490 ex
405 432 471 508 ipso
486 431 633 491 certitudo
647 442 748 491 nostra
761 431 799 491 sit
813 432 964 491 obiective
980 429 1133 489 fundata?

187 515 219 595 b)
241 521 373 595 Quando
393 520 518 580 veroin
540 539 673 580 errorem
694 520 878 593 inducimur,
902 540 1067 597 quaenam
1089 529 1133 577 est

125 611 209 669 huius
231 610 339 669 erroris
353 610 461 670 causa?
495 610 687 670 Inveniturne
708 610 739 669 in
753 610 820 689 ipso
840 610 1016 670 intellectus
1032 608 1132 668 nostri

125 710 208 758 motu
227 700 363 771 naturali,
385 718 424 758 an
445 718 500 775 per
520 700 661 759 accidens
681 700 741 759 hoc
762 700 927 778 contingit?

185 789 299 847 Peioris
320 791 490 865 quaestionis
508 791 618 847 solutae.
640 820 681 828 -
700 789 877 848 Retiexione
898 789 1008 848 debito
1033 788 1131 847 modo

125 878 256 938 instituta
273 878 354 937 circa
368 877 550 938 certitudinis
565 889 685 937 nostrae
699 878 850 950 motivum,
871 879 948 937 haec
970 880 1058 937 ultro
1081 896 1130 952 ap

125 978 247 1045 parent:

189 1078 213 1115 1.
236 1056 332 1115 Multa
352 1058 542 1115 effonnamus
561 1056 672 1116 iudicia
693 1067 775 1115 certa
791 1088 825 1097 —
842 1068 875 1115 ut
894 1075 965 1115 cum
987 1054 1128 1115 enuntia·

126 1161 205 1205 mus:
230 1146 297 1219 7-l-
316 1162 331 1222 5
351 1168 385 1193 =
405 1166 438 1204 12
454 1182 502 1219 -,
518 1146 550 1205 in
572 1146 679 1220 quibus
693 1165 828 1206 assensus
844 1155 946 1205 noster
960 1148 1071 1204 firmus
1085 1145 1125 1213 fit,

126 1254 189 1294 non
210 1243 335 1313 propter
355 1235 561 1294 auctoritatem
576 1236 706 1310 aliquam
726 1236 815 1295 nobis
829 1234 1040 1307 extrinsecam,
1065 1231 1125 1292 Dei

126 1335 197 1401 puta
225 1325 273 1383 vel
294 1324 463 1397 bominum,
493 1326 546 1384 sed
567 1335 692 1401 propter
711 1325 871 1396 motivum,
893 1325 978 1400 quod
999 1323 1123 1399 inipso

127 1414 247 1473 obiecto
268 1408 464 1489 (enuntiabili)
486 1413 635 1473 invenitur
656 1414 742 1473 simul
763 1425 793 1474 et
813 1414 844 1471 in
866 1413 1030 1472 intellectu.
1069 1413 1125 1468 As·

126 1521 228 1562 sensus
257 1502 337 1563 enim
366 1514 466 1562 noster
493 1504 541 1575 fit,
570 1521 634 1562 non
654 1522 691 1563 ex
711 1503 844 1578 synthesi
872 1503 1006 1579 quadam
1029 1518 1124 1560 caeca

126 1592 287 1651 intellectui
305 1592 415 1664 innata,
438 1593 492 1651 sed
505 1594 556 1649 sab
576 1594 690 1669 influxu
702 1594 874 1651 visibilitatis
887 1594 975 1667 ipsius
988 1591 1125 1649 ven‘tatzs

125 1683 272 1740 abiectraae
299 1681 392 1741 menti
418 1700 475 1740 sese
501 1682 732 1753 manifestantiS,
761 1682 835 1740 sicut
862 1700 927 1740 rem
946 1682 1010 1738 iam
1032 1698 1123 1755 supra
1156 1677 1158 1682 '

126 1765 165 1846 (p.
191 1767 258 1845 113)
280 1770 503 1830 declaravimus.

185 1860 325 1920 Veritatis
353 1861 518 1920 obiectivae
546 1861 699 1920 visibilitas
727 1861 835 1920 dicitur
861 1860 949 1919 etiam
977 1859 1123 1918 natantia
1156 1878 1157 1893 ¹

125 1951 266 2020 abiectiva,
287 1960 319 2008 ut
339 1950 537 2026 distinguatur
557 1951 596 2009 ab
617 1952 757 2010 madentia
777 1952 933 2018 subiectt'aa,
956 1967 1039 2024 quae
1061 1958 1120 2006 est:
1156 1950 1157 1957 ’

124 2041 187 2115 ipsa
214 2041 370 2098 evidentiae
398 2041 548 2099 obiectiaae
575 2041 657 2098 clara
678 2042 827 2117 perceptio.
869 2042 923 2097 Est
951 2037 1035 2097 enim
1064 2037 1121 2096 evi·

125 2128 226 2188 dentia
246 2129 296 2187 illa
317 2129 465 2188 obiectiva
484 2140 622 2204 respectu
635 2130 804 2189 intellectus
825 2129 866 2199 id,
888 2127 971 2203 quod
990 2126 1119 2185 lumino
1156 2122 1157 2125 ’

125 2217 193 2277 sitas
221 2237 320 2277 rerum
349 2228 538 2277 externarum
566 2229 611 2278 est
639 2228 779 2293 respectu
802 2219 965 2277 oculorum.
1008 2215 1121 2273 Distin-

124 2307 221 2383 guitur
249 2318 347 2366 autem
375 2307 545 2383 multiplea,
573 2328 630 2384 pro
657 2308 782 2367 diversis
809 2307 923 2378 modis,
951 2306 1119 2365 secundum

127 2415 201 2473 quos
229 2397 306 2456 haec
333 2397 486 2456 visibilitas
507 2415 572 2457 sese
592 2397 771 2457 manifestat.
813 2397 945 2472 Quando
966 2413 1059 2467 vero,
1089 2404 1120 2452 ut
1156 2469 1158 2475 y

124 2485 155 2544 in
183 2487 323 2562 exemplo
352 2486 457 2559 allato,
483 2487 560 2546 haec
587 2487 790 2546 manifestatio
817 2487 883 2545 talis
911 2493 971 2556 est,
999 2493 1035 2542 ut
1054 2484 1120 2559 ipsa
1156 2510 1158 2521 ·

124 2575 233 2635 veritas
247 2584 305 2651 per
324 2594 352 2634 se
372 2576 466 2635 menti
487 2587 646 2653 appareat,
669 2576 819 2636 evidentia
840 2575 990 2634 obiectiva
1011 2573 1119 2632 dicitur

123 2667 247 2724 interna.
297 2667 392 2724 Recte
420 2664 549 2741 proinde
579 2665 781 2725 testimonium
811 2664 884 2723 illud
914 2663 1118 2722 conscientiae

125 2755 169 2814 sic
183 2755 330 2814 enuntiari
350 2765 463 2831 potest:
485 2755 602 2812 Multae
614 2763 682 2813 sunt
693 2758 836 2825 veritates,
857 2772 930 2830 quas
943 2752 1119 2810 adntittimus

125 2850 158 2902 ut
186 2853 276 2902 certas
302 2852 425 2921 propter
454 2845 621 2903 evidentiam
655 2863 754 2903 earum
783 2846 944 2903 abiectiaam
973 2843 1117 2899 internam

125 2936 213 2992 menti
230 2952 287 2992 sese
307 2934 546 3008 manifestantem.

187 3022 246 3080 Sed
267 3043 329 3082 non
351 3023 460 3083 eodem
481 3042 601 3100 semper
620 3025 713 3083 modo
735 3026 811 3084 haec
826 3019 979 3083 evidentia
991 3018 1115 3095 interna

125 3129 190 3170 sese
211 3112 388 3171 manifestat.
425 3113 618 3189 Quandoque
640 3114 729 3186 enirn,
752 3125 784 3173 ut
805 3114 836 3172 in
853 3109 995 3185 exemplo
1012 3125 1027 3182 7
1046 3109 1079 3176 ΛΓ
1097 3126 1112 3184 5

127 3223 161 3248 :
188 3221 232 3271 12,
255 3201 331 3259 haec
351 3201 503 3260 visibilitas
518 3203 615 3278 prima
636 3204 741 3260 intuitu
763 3204 901 3278 affulget3
929 3197 1113 3273 quandoque

124 3305 212 3358 vero,
242 3297 273 3343 ut
300 3287 330 3344 in
353 3289 450 3346 multis
472 3291 713 3349 conclusionibus
738 3289 945 3366 geometricis,
974 3303 1041 3343 non
