2350 3700
157 109 207 156 188
528 118 765 155 uarnonotocm.

152 278 288 327 veantur.
330 267 379 325 Sic
400 266 564 341 aliquando
585 267 615 324 S.
638 268 755 324 Doctor
776 265 996 340 interrogatus,
1018 265 1148 322 liceatne

153 357 304 432 disputare
317 355 357 414 de
372 374 502 431 persona
515 355 641 413 Christi:
667 355 755 412 ‹Non
769 354 886 425 video,›
904 353 1012 429 inquit,
1036 371 1148 428 ‘quare

152 447 213 504 hoc
233 463 296 503 non
316 444 420 513 liceat,
449 463 518 502 cnm
538 443 650 502 cotidie
671 444 702 500 in
723 443 832 501 scholis
858 443 1069 518 magistrorum
1091 442 1150 500 dis·

153 545 271 610 putetur
291 533 382 592 etiam
402 534 441 591 de
462 532 527 590 aliis
547 532 678 590 articulis
699 533 777 603 fidei,
799 551 864 590 non
885 541 1014 608 propter
1034 532 1150 590 dubita-

153 625 283 693 tionem,
313 621 367 680 sed
395 632 519 697 propter
544 621 676 679 veritatis
706 621 888 679 intellectum
919 631 950 680 et
978 621 1150 679 manifesta-

153 711 267 769 tionem
287 721 317 770 et
337 710 647 770 confirmationem.»¹

214 820 241 874 3.
264 803 300 858 ln
319 799 355 858 iis
375 818 457 871 vero,
480 817 558 874 quae
577 817 678 874 neque
697 798 869 857 immediate
890 817 993 874 neque
1015 799 1150 858 mediate

154 889 305 949 evidentia
329 899 412 960 sunt,
440 888 459 946 i.
488 906 514 947 e.
544 907 623 963 quae
651 897 733 946 certa
760 887 859 946 adhuc
886 888 1151 948 demonstratione

153 997 217 1036 non
236 989 304 1037 sunt
325 979 466 1054 probata,
492 979 569 1035 reale
596 977 720 1036 dubium
748 977 954 1036 adhibendum
977 988 1040 1049 est,
1070 977 1152 1035 iuxta

153 1067 321 1126 doctrinam
343 1086 361 1125 a
381 1068 410 1125 S.
432 1069 567 1125 Doctore
586 1065 735 1125 traditam.

428 1231 447 1300 ξ
466 1247 490 1285 2.
523 1237 566 1284 De
585 1243 661 1285 statu
680 1235 865 1298 quaestionis.

214 1357 321 1416 Dubiis
348 1357 505 1434 expositis,
539 1365 631 1416 stanes
659 1361 830 1433 quaestam&
859 1359 1040 1418 declaretur.
1094 1361 1150 1417 Ex·

155 1447 302 1522 perientia
323 1447 403 1505 enim
418 1464 635 1522 saepenumero
650 1447 709 1505 iam
731 1447 833 1508 docuit
846 1447 1049 1520 difficultates,
1073 1466 1151 1524 quae

154 1536 186 1593 in
206 1523 453 1610 disputationibus
468 1546 636 1608 occurrunt,
657 1555 720 1595 non
735 1556 803 1595 raro
818 1537 889 1596 oriri
910 1555 947 1596 ex
968 1539 1150 1612 quaestione

155 1623 219 1700 ipsa
239 1643 398 1700 perperam
419 1627 466 1683 vel
487 1625 701 1684 insufficienter
720 1625 879 1684 intellecta.

214 1715 262 1772 Fit
282 1724 380 1772 autem
401 1714 477 1772 haec
499 1713 681 1790 quaestionis
702 1715 866 1774 declaratio
887 1716 947 1774 hoc
967 1716 1083 1774 modo:

219 1824 243 1862 1.
266 1803 412 1875 Obscura,
429 1820 506 1879 quae
521 1802 551 1861 in
566 1802 742 1879 quaestione
752 1814 920 1877 occurrunt,
937 1806 1150 1881 explanentur.

155 1894 232 1952 Cum
252 1902 351 1950 autern
364 1891 551 1951 difficultates
564 1912 629 1951 non
643 1913 711 1952 raro
727 1912 764 1953 ex
778 1896 938 1953 verborum
953 1895 1160 1971 ambiguitate

156 1982 302 2052 oriantur,
331 1981 466 2040 diversae
494 1982 680 2041 diversarum
708 2002 816 2042 vocum
844 1983 1102 2059 significationes,
1131 1986 1151 2043 si

155 2089 232 2146 quae
253 2080 330 2142 sunt,
352 2081 491 2130 accurate
512 2070 731 2147 distinguantur
751 2081 781 2131 et
802 2073 1005 2131 declarentur.

218 2181 242 2218 2.
265 2160 348 2217 Statu
369 2159 548 2234 quaestionis
577 2161 688 2220 deinde
709 2160 788 2219 iuxta
816 2161 1028 2221 distinctiones
1050 2173 1085 2221 et
1105 2165 1150 2223 de

156 2250 305 2309 finitiones
325 2248 389 2307 illas
410 2249 619 2322 determinato,
641 2250 732 2309 thesis
753 2261 890 2326 ponatur.

218 2359 244 2413 3.
266 2338 369 2397 Brevis
382 2338 514 2414 denique
528 2341 579 2397 frat
593 2339 685 2398 thesis
699 2339 828 2411 historia,
851 2340 869 2399 i.
886 2358 912 2399 e.
928 2342 1037 2417 paucis
1051 2342 1148 2401 verbis

156 2439 286 2500 notetur,
317 2446 466 2503 quaenam
487 2428 546 2487 sint
565 2429 703 2488 diversae
724 2429 763 2487 de
787 2429 863 2487 thesi
890 2429 942 2487 illa
972 2432 1147 2503 sententiae,

156 2529 185 2577 et
207 2536 356 2594 quaenam
376 2535 478 2576 earum
500 2518 631 2577 rationes
652 2518 840 2594 praecipuae.

540 2695 705 2743 Artntcuaus
725 2706 755 2745 11.

446 2808 496 2857 DE
515 2809 592 2858 IPSA
611 2808 846 2858 PROBATIONE.

312 2938 330 3006 ᾖ
352 2955 373 2991 1.
405 2944 449 2991 De
468 2942 587 2991 diversis
606 2942 803 3004 probationum
822 2942 987 3005 speciebus.

217 3055 508 3132 ArgumentationeS,
524 3054 549 3114 si
563 3064 712 3131 spectatur
726 3073 828 3115 earum
842 3058 977 3126 materia,
993 3056 1012 3116 i.
1024 3076 1051 3116 e.
1067 3059 1144 3115 valor

156 3145 394 3223 propositionum
414 3146 521 3219 quibus
542 3155 694 3218 constant,
723 3144 851 3221 duplicis
880 3147 1064 3221 praesertim
1086 3158 1144 3205 sunt

1150 3572 1153 3677 l

220 3303 228 3333 ¹
248 3305 286 3351 Cf.
306 3304 380 3352 Pcsch
398 3304 415 3351 l.
435 3318 456 3351 c.
476 3303 496 3361 I,
516 3316 576 3362 491.
