2350 3700
200 144 239 179 DE
258 145 384 183 ACTIONE
403 146 439 181 ET
458 146 497 181 DE
516 146 655 183 PASSIONE
675 146 737 182 Slva
757 146 796 182 DE
816 146 922 183 causts.
1004 144 1054 196 305

125 285 158 365 b)
179 291 371 366 Experientia
398 300 518 350 externa
544 301 572 350 et
598 295 717 351 ratione.
760 292 953 369 Experientia
976 292 1055 351 enim

63 391 199 445 externa,
219 381 413 456 perspicimus
443 384 549 441 multas
579 400 626 441 res
656 384 695 443 de
725 400 805 440 novo
835 381 916 457 fieri,
945 381 988 439 sic
1016 381 1056 440 vi-

62 469 173 528 demus
193 489 272 528 nova
292 470 363 528 oriri
383 470 537 542 animalia,
566 490 660 530 novas
680 474 797 548 plantas
819 471 902 543 oriri,
925 488 971 530 res
994 471 1056 529 fere

63 576 173 617 omnes
193 570 340 635 perpetuo
361 559 447 619 novis
467 560 586 619 essendi
605 561 702 623 modis
716 559 808 622 indui.
837 560 920 633 Quas
934 559 1057 634 quidem

62 666 111 705 res
144 648 225 705 clare
255 648 391 707 videmus
423 650 487 707 aliis
521 650 684 709 succedere
718 649 748 707 in
784 648 967 721 exsistentia,
1003 649 1056 707 sed

62 756 128 794 non
162 736 274 797 eodem
309 756 413 796 omnes
447 737 549 797 modo.
595 739 677 801 Alias
712 738 792 797 enim
827 755 881 814 per
916 754 1057 797 consecu-

61 826 180 884 tionem
202 828 354 900 quandam
376 838 529 885 externam
549 826 615 885 aliis
636 827 770 886 videmus
791 827 962 896 succedere,
985 827 1056 886 alias

61 933 136 973 vero
174 915 254 986 aliis,
289 934 344 991 per
378 917 623 975 consecutionem
658 919 838 975 intrinsecam
872 916 1055 973 causalitatis.

62 1005 154 1077 Quae
175 1004 323 1079 cognitio,
352 1004 422 1063 licet
442 1005 556 1063 directa
576 1016 690 1063 tantum
712 1015 741 1063 et
761 1004 952 1081 imperfecta,
975 1014 1057 1062 certa

16 1101 18 1111 '
60 1103 167 1151 tamen
195 1104 226 1151 et
246 1094 369 1152 evidens
397 1104 455 1165 est,
483 1095 554 1169 quia
581 1095 657 1152 clarc
677 1092 882 1168 distinguimus
901 1094 979 1151 inter
999 1110 1056 1164 reS,

15 1116 25 1338 ἱ
61 1200 142 1256 quae
164 1202 222 1258 per
235 1201 349 1241 meram
363 1182 583 1241 successionem
597 1183 653 1241 sibi
668 1182 839 1255 succedunt,
859 1192 888 1240 et
902 1200 957 1253 res,
979 1199 1057 1257 quae

60 1270 117 1328 sibi
133 1272 304 1329 succedunt
323 1290 377 1347 per
399 1271 598 1331 conexionem
613 1272 769 1330 internam.
798 1270 943 1329 Adhibito
958 1281 1057 1329 autem

60 1361 237 1431 intellectu,
264 1360 463 1420 exsistentiam
482 1360 559 1419 illius
580 1359 755 1419 conexionis
776 1360 883 1418 reflexe
905 1360 1058 1435 cognosci-

59 1468 146 1522 mus3
176 1449 248 1525 quia
269 1451 347 1507 clare
368 1448 503 1508 videmus
524 1449 570 1521 id,
598 1450 681 1525 quod
702 1450 744 1508 sic
766 1468 830 1509 esse
851 1449 969 1524 incipit,
993 1466 1057 1508 esse

58 1558 149 1597 suum
170 1538 284 1597 habere
307 1539 346 1596 ab
373 1537 440 1596 alio.
483 1538 562 1596 Nam
583 1538 745 1614 quidquid,
772 1538 854 1613 quod
882 1548 971 1597 antea
992 1557 1054 1596 non

17 1665 19 1674 ·
58 1639 135 1698 erat,
159 1627 268 1702 incipit
282 1645 354 1699 esse,
368 1637 426 1685 aut
440 1628 479 1685 de
494 1627 587 1686 nihilo
602 1628 646 1685 sui
661 1637 690 1687 et
705 1646 811 1687 causae
826 1637 878 1696 est,
898 1637 948 1685 aut
961 1626 1057 1702 ipsum

58 1737 90 1776 se
113 1716 269 1793 producit,
290 1727 341 1774 aut
360 1717 399 1775 ab
421 1716 522 1791 aliquo
544 1716 603 1775 alio
624 1736 642 1774 a
663 1736 695 1775 se
716 1716 855 1775 distincto
875 1716 1057 1791 producitur.

15 1806 22 1865 l
58 1807 160 1883 Atqui
190 1824 227 1864 ex
253 1804 347 1864 nihilo
375 1806 418 1866 sui
447 1815 477 1865 et
497 1824 605 1865 causae
626 1805 699 1864 nihil
720 1808 766 1877 fit,
796 1807 827 1863 in
855 1804 949 1864 nihilo
977 1804 1057 1864 enim

56 1897 145 1954 nulla
175 1896 294 1954 essendi
314 1897 389 1954 ratio
411 1895 570 1971 reperitur,
598 1913 697 1970 neque
724 1895 821 1971 ipsum
849 1913 880 1954 se
910 1894 1056 1970 producit,

56 1995 170 2060 ageret
191 1984 273 2042 enim
302 1995 463 2058 antequam
485 1993 577 2043 esset:
604 1985 686 2058 quod
714 1995 873 2060 repugnat..
911 1985 991 2058 Ergo
1019 1984 1057 2041 ab

56 2076 166 2150 aliquo
182 2072 242 2131 alio
263 2074 454 2148 producitur:
473 2073 612 2144 Proinde,
635 2073 735 2130 sinon
751 2082 827 2131 esset
841 2072 954 2146 aliquid
968 2072 1056 2142 aliud,

56 2184 74 2221 a
96 2181 166 2238 quo
189 2163 289 2235 resin
303 2180 367 2220 esse
382 2160 594 2237 producuntur,
616 2161 689 2218 nihil
704 2167 805 2236 prisset
823 2162 862 2220 de
882 2179 962 2218 novo
984 2179 1057 2219 esse.

56 2255 112 2310 Et*
127 2253 176 2310 sic
198 2250 381 2326 experientia
408 2261 438 2309 et
458 2250 610 2309 intellectu
628 2247 816 2326 'assurgimus
844 2250 883 2307 ad
902 2249 1058 2308 ‘notionem

55 2359 183 2412 causae,
208 2359 284 2415 quae
306 2339 453 2402 obiective
475 2341 562 2398 realis
583 2358 648 2398 esse
670 2340 774 2411 debet,
805 2339 861 2397 nisi
882 2340 977 2415 ipsam
998 2339 1057 2397 vim

14 2494 19 2503 ,
54 2429 189 2489 rationis
211 2447 354 2504 negemus
374 2439 404 2488 et
425 2428 467 2487 sic
488 2429 519 2486 in
540 2429 761 2504 scepticismum
782 2428 947 2487 incidamus
959 2430 975 2485 ¹.

14 2510 22 2576 ἒ
97 2513 155 2593 .c)
177 2519 232 2575 Ex
245 2537 377 2576 consensu
396 2519 519 2575 omnium
532 2518 683 2576 hominum.
721 2518 844 2577 Constat
858 2518 938 2575 enim
954 2535 1058 2575 omnes

53 2609 213 2678 homines,
235 2606 296 2666 sive
311 2607 416 2665 doctos
430 2607 491 2664 sive
506 2606 652 2677 indoctos,
669 2607 772 2664 sedulo
787 2605 967 2680 distinguere
982 2607 1058 2664 inter

15 2703 21 2724 ³
53 2716 115 2769 res,
142 2713 225 2772 quae
245 2695 419 2770 simpliciter
439 2695 495 2753 sibi
516 2695 689 2764 succedunt,
715 2705 745 2754 et
765 2712 820 2765 res,
844 2713 921 2770 quae
942 2695 982 2752 ita
1002 2694 1058 2752 sibi

53 2784 247 2855 succedunt,
274 2795 307 2842 ut
335 2797 523 2858 consequens
551 2783 674 2861 physice
696 2794 725 2842 et
752 2785 869 2842 interne
890 2802 958 2841 curn
979 2794 1058 2841 ante·

54 2877 194 2934 cedente
211 2882 392 2944 conectatur,
415 2873 432 2930 i.
449 2887 475 2931 e}
497 2873 663 2931 efficienter
676 2873 864 2948 producatur.
901 2875 953 2931 Est
967 2889 1057 2930 nemo

54 2982 155 3024 sanae
178 2962 297 3033 mentis,
319 2960 370 3036 qui
391 2961 430 3020 de
445 2962 579 3020 realitate
595 2963 743 3025 obiectiva
757 2961 842 3020 huius
856 2961 1058 3037 perceptionis

53 3054 190 3113 dubitet.
221 3053 295 3110 Sunt
309 3049 390 3108 enim
404 3052 480 3108 haec
494 3061 555 3108 tarn
570 3051 659 3122 clara,
675 3061 736 3108 tam
751 3061 862 3126 aperta,
872 3062 911 3109 -ut
926 3069 988 3109 non
1001 3049 1058 3108 nisi

54 3163 94 3203 ex
110 3141 251 3218 quadam
265 3139 357 3197 animi
371 3139 529 3216 supinitate
543 3141 592 3198 vel
606 3139 811 3214 inquietudine
821 3140 924 3214 negari
934 3139 1056 3215 possint.

125 3325 135 3356 1
157 3325 198 3373 cr.
219 3323 307 3387 repra
324 3324 340 3371 1.
361 3339 382 3372 c.
403 3322 435 3381 11,
458 3323 516 3385 256.

113 3417 317 3467 Reinstadler,
334 3416 402 3456 Elem.
419 3416 472 3466 phil.
488 3415 556 3455 schol.
579 3415 596 3452 l.
862 3419 894 3452 20
