<?xml version="1.0" encoding="UTF-8"?>
<!DOCTYPE html PUBLIC "-//W3C//DTD XHTML 1.0 Transitional//EN"
    "http://www.w3.org/TR/xhtml1/DTD/xhtml1-transitional.dtd">
<html xmlns="http://www.w3.org/1999/xhtml" xml:lang="en" lang="en">
 <head>
  <title>
</title>
<meta http-equiv="Content-Type" content="text/html;charset=utf-8" />
  <meta name='ocr-system' content='tesseract 3.04.00' />
  <meta name='ocr-capabilities' content='ocr_page ocr_carea ocr_par ocr_line ocrx_word'/>
</head>
<body>
  <div class='ocr_page' id='page_1' title='image "./elementaphiloso00reingoog_0437.png"; bbox 0 0 2350 3700; ppageno 0'>
   <div class='ocr_carea' id='block_1_1' title="bbox 297 155 1171 214">
    <p class='ocr_par' dir='ltr' id='par_1_1' title="bbox 297 155 1171 214">
     <span class='ocr_line' id='line_1_1' title="bbox 297 155 1171 214; baseline 0 -20"><span class='ocrx_word' id='word_1_1' title='bbox 297 159 335 195; x_wconf 79' lang='lat' dir='ltr'>Du</span> <span class='ocrx_word' id='word_1_2' title='bbox 355 159 431 195; x_wconf 80' lang='lat' dir='ltr'>ORTU</span> <span class='ocrx_word' id='word_1_3' title='bbox 451 158 514 204; x_wconf 69' lang='lat' dir='ltr'>,slvtt</span> <span class='ocrx_word' id='word_1_4' title='bbox 534 159 573 194; x_wconf 81' lang='lat' dir='ltr'>DE</span> <span class='ocrx_word' id='word_1_5' title='bbox 592 157 757 195; x_wconf 76' lang='lat' dir='ltr'>CREATIONE</span> <span class='ocrx_word' id='word_1_6' title='bbox 777 158 881 194; x_wconf 82' lang='lat' dir='ltr'>MUNDI.</span> <span class='ocrx_word' id='word_1_7' title='bbox 1033 155 1084 208; x_wconf 79' lang='grc'>405</span> <span class='ocrx_word' id='word_1_8' title='bbox 1170 209 1171 214; x_wconf 17' lang='grc'>1</span> 
     </span>
    </p>
   </div>
   <div class='ocr_carea' id='block_1_2' title="bbox 97 305 1086 739">
    <p class='ocr_par' dir='ltr' id='par_1_2' title="bbox 97 305 1086 739">
     <span class='ocr_line' id='line_1_2' title="bbox 98 305 1086 381; baseline -0.001 -17"><span class='ocrx_word' id='word_1_9' title='bbox 98 305 240 380; x_wconf 69' lang='lat' dir='ltr'>materia,</span> <span class='ocrx_word' id='word_1_10' title='bbox 263 305 288 364; x_wconf 91' lang='lat' dir='ltr'>si</span> <span class='ocrx_word' id='word_1_11' title='bbox 308 316 458 381; x_wconf 88' lang='lat' dir='ltr'>ponuntur</span> <span class='ocrx_word' id='word_1_12' title='bbox 478 323 550 364; x_wconf 89' lang='lat' dir='ltr'>vero</span> <span class='ocrx_word' id='word_1_13' title='bbox 570 305 734 364; x_wconf 89' lang='lat' dir='ltr'>secundum</span> <span class='ocrx_word' id='word_1_14' title='bbox 756 315 868 376; x_wconf 86' lang='lat' dir='ltr'>actum,</span> <span class='ocrx_word' id='word_1_15' title='bbox 892 306 942 380; x_wconf 85' lang='lat' dir='ltr'>qui</span> <span class='ocrx_word' id='word_1_16' title='bbox 963 324 999 364; x_wconf 87' lang='lat' dir='ltr'>ex</span> <span class='ocrx_word' id='word_1_17' title='bbox 1020 306 1086 381; x_wconf 91' lang='lat' dir='ltr'>ipsa</span> 
     </span>
     <span class='ocr_line' id='line_1_3' title="bbox 97 393 1084 472; baseline 0.002 -20"><span class='ocrx_word' id='word_1_18' title='bbox 97 394 258 472; x_wconf 87' lang='lat' dir='ltr'><strong>hypothesi</strong></span> <span class='ocrx_word' id='word_1_19' title='bbox 277 395 333 454; x_wconf 91' lang='lat' dir='ltr'>erit</span> <span class='ocrx_word' id='word_1_20' title='bbox 353 394 573 466; x_wconf 88' lang='lat' dir='ltr'>determinatus,</span> <span class='ocrx_word' id='word_1_21' title='bbox 595 406 665 453; x_wconf 91' lang='lat' dir='ltr'>tunc</span> <span class='ocrx_word' id='word_1_22' title='bbox 686 405 832 469; x_wconf 84' lang='lat' dir='ltr'><strong>repugnat</strong></span> <span class='ocrx_word' id='word_1_23' title='bbox 846 393 929 468; x_wconf 89' lang='lat' dir='ltr'>quies</span> <span class='ocrx_word' id='word_1_24' title='bbox 944 394 1084 454; x_wconf 88' lang='lat' dir='ltr'>materiae</span> 
     </span>
     <span class='ocr_line' id='line_1_4' title="bbox 98 485 1041 554; baseline 0 -11"><span class='ocrx_word' id='word_1_25' title='bbox 98 495 129 543; x_wconf 92' lang='lat' dir='ltr'>et</span> <span class='ocrx_word' id='word_1_26' title='bbox 149 495 284 549; x_wconf 84' lang='lat' dir='ltr'>motuum</span> <span class='ocrx_word' id='word_1_27' title='bbox 303 485 438 544; x_wconf 83' lang='lat' dir='ltr'>varietas.</span> <span class='ocrx_word' id='word_1_28' title='bbox 1038 551 1041 554; x_wconf 51' lang='grc'><strong>,</strong></span> 
     </span>
     <span class='ocr_line' id='line_1_5' title="bbox 162 573 1085 650; baseline 0 -18"><span class='ocrx_word' id='word_1_29' title='bbox 162 595 189 632; x_wconf 88' lang='lat'>2.</span> <span class='ocrx_word' id='word_1_30' title='bbox 210 574 249 632; x_wconf 85' lang='lat' dir='ltr'>In</span> <span class='ocrx_word' id='word_1_31' title='bbox 268 574 363 632; x_wconf 70' lang='lat' dir='ltr'>multat</span> <span class='ocrx_word' id='word_1_32' title='bbox 376 574 442 632; x_wconf 85' lang='lat' dir='ltr'>eliis</span> <span class='ocrx_word' id='word_1_33' title='bbox 455 573 593 648; x_wconf 76' lang='lat' dir='ltr'><em>fautores</em></span> <span class='ocrx_word' id='word_1_34' title='bbox 606 573 690 632; x_wconf 79' lang='lat' dir='ltr'>leuius</span> <span class='ocrx_word' id='word_1_35' title='bbox 703 575 854 630; x_wconf 67' lang='lat' dir='ltr'>sententiae</span> <span class='ocrx_word' id='word_1_36' title='bbox 867 575 1014 650; x_wconf 85' lang='lat' dir='ltr'>affirmant</span> <span class='ocrx_word' id='word_1_37' title='bbox 1026 574 1085 632; x_wconf 82' lang='lat' dir='ltr'>sine</span> 
     </span>
     <span class='ocr_line' id='line_1_6' title="bbox 97 662 1082 739; baseline 0 -19"><span class='ocrx_word' id='word_1_38' title='bbox 97 665 162 721; x_wconf 85' lang='lat' dir='ltr'>ulla</span> <span class='ocrx_word' id='word_1_39' title='bbox 168 664 379 739; x_wconf 81' lang='lat' dir='ltr'>probabilitate,</span> <span class='ocrx_word' id='word_1_40' title='bbox 395 665 478 721; x_wconf 85' lang='lat' dir='ltr'>imme</span> <span class='ocrx_word' id='word_1_41' title='bbox 491 664 572 720; x_wconf 85' lang='lat' dir='ltr'>certis</span> <span class='ocrx_word' id='word_1_42' title='bbox 585 664 774 738; x_wconf 79' lang='lat' dir='ltr'><em>experientiae</em></span> <span class='ocrx_word' id='word_1_43' title='bbox 781 662 874 736; x_wconf 84' lang='lat' dir='ltr'>factis</span> <span class='ocrx_word' id='word_1_44' title='bbox 883 662 1082 732; x_wconf 73' lang='lat' dir='ltr'>contradicunt.</span> 
     </span>
    </p>
   </div>
   <div class='ocr_carea' id='block_1_3' title="bbox 7 736 288 811">
    <p class='ocr_par' dir='ltr' id='par_1_3' title="bbox 7 736 288 811">
     <span class='ocr_line' id='line_1_7' title="bbox 7 736 288 811; baseline -0.004 -1"><span class='ocrx_word' id='word_1_45' title='bbox 7 736 17 807; x_wconf 62' lang='lat' dir='ltr'>i.</span> <span class='ocrx_word' id='word_1_46' title='bbox 97 753 186 810; x_wconf 87' lang='lat' dir='ltr'>Talia</span> <span class='ocrx_word' id='word_1_47' title='bbox 206 762 288 811; x_wconf 86' lang='lat' dir='ltr'>sunt:</span> 
     </span>
    </p>
   </div>
   <div class='ocr_carea' id='block_1_4' title="bbox 8 835 1171 1020">
    <p class='ocr_par' dir='ltr' id='par_1_4' title="bbox 8 835 1171 1020">
     <span class='ocr_line' id='line_1_8' title="bbox 161 835 1083 917; baseline -0.003 -18"><span class='ocrx_word' id='word_1_48' title='bbox 161 835 189 915; x_wconf 78' lang='lat' dir='ltr'>a)</span> <span class='ocrx_word' id='word_1_49' title='bbox 211 859 256 912; x_wconf 92' lang='lat' dir='ltr'>ea,</span> <span class='ocrx_word' id='word_1_50' title='bbox 275 860 351 917; x_wconf 90' lang='lat' dir='ltr'>quae</span> <span class='ocrx_word' id='word_1_51' title='bbox 366 842 469 900; x_wconf 88' lang='lat' dir='ltr'>dicunt</span> <span class='ocrx_word' id='word_1_52' title='bbox 483 842 562 901; x_wconf 90' lang='lat' dir='ltr'>circa</span> <span class='ocrx_word' id='word_1_53' title='bbox 576 843 770 900; x_wconf 64' lang='lat' dir='ltr'>aeternitatem</span> <span class='ocrx_word' id='word_1_54' title='bbox 778 849 924 916; x_wconf 79' lang='lat' dir='ltr'>processus</span> <span class='ocrx_word' id='word_1_55' title='bbox 937 841 1083 908; x_wconf 81' lang='lat' dir='ltr'>mundani,</span> 
     </span>
     <span class='ocr_line' id='line_1_9' title="bbox 8 928 1171 1020; baseline -0.002 -30"><span class='ocrx_word' id='word_1_56' title='bbox 8 952 9 1020; x_wconf 53' lang='lat' dir='ltr'>p</span> <span class='ocrx_word' id='word_1_57' title='bbox 98 949 191 1006; x_wconf 89' lang='lat' dir='ltr'>quem</span> <span class='ocrx_word' id='word_1_58' title='bbox 219 949 323 989; x_wconf 91' lang='lat' dir='ltr'>revera</span> <span class='ocrx_word' id='word_1_59' title='bbox 350 931 463 990; x_wconf 87' lang='lat' dir='ltr'>finitum</span> <span class='ocrx_word' id='word_1_60' title='bbox 490 949 555 990; x_wconf 89' lang='lat' dir='ltr'>esse</span> <span class='ocrx_word' id='word_1_61' title='bbox 582 929 713 990; x_wconf 87' lang='lat' dir='ltr'>scientiis</span> <span class='ocrx_word' id='word_1_62' title='bbox 740 928 868 1006; x_wconf 86' lang='lat' dir='ltr'>physicis</span> <span class='ocrx_word' id='word_1_63' title='bbox 897 939 926 988; x_wconf 92' lang='lat' dir='ltr'>et</span> <span class='ocrx_word' id='word_1_64' title='bbox 956 939 1084 988; x_wconf 91' lang='lat' dir='ltr'>astrono·</span> <span class='ocrx_word' id='word_1_65' title='bbox 1170 947 1171 952; x_wconf 50' lang='lat'>¹</span> 
     </span>
    </p>
   </div>
   <div class='ocr_carea' id='block_1_5' title="bbox 8 1019 446 1095">
    <p class='ocr_par' dir='ltr' id='par_1_5' title="bbox 8 1019 446 1095">
     <span class='ocr_line' id='line_1_10' title="bbox 8 1019 446 1095; baseline 0 -17"><span class='ocrx_word' id='word_1_66' title='bbox 8 1022 9 1041; x_wconf 67' lang='lat'>¹</span> <span class='ocrx_word' id='word_1_67' title='bbox 95 1019 184 1079; x_wconf 89' lang='lat' dir='ltr'>micis</span> <span class='ocrx_word' id='word_1_68' title='bbox 205 1021 364 1095; x_wconf 92' lang='lat' dir='ltr'>probatum</span> <span class='ocrx_word' id='word_1_69' title='bbox 385 1030 446 1092; x_wconf 75' lang='lat' dir='ltr'>est3</span> 
     </span>
    </p>
   </div>
   <div class='ocr_carea' id='block_1_6' title="bbox 18 1105 1085 1811">
    <p class='ocr_par' dir='ltr' id='par_1_6' title="bbox 18 1105 1085 1454">
     <span class='ocr_line' id='line_1_11' title="bbox 160 1105 1085 1193; baseline -0.002 -26"><span class='ocrx_word' id='word_1_70' title='bbox 160 1105 192 1184; x_wconf 82' lang='lat' dir='ltr'>b)</span> <span class='ocrx_word' id='word_1_71' title='bbox 213 1128 258 1179; x_wconf 91' lang='lat' dir='ltr'>ea,</span> <span class='ocrx_word' id='word_1_72' title='bbox 268 1128 355 1193; x_wconf 22' lang='lat' dir='ltr'>‘quae</span> <span class='ocrx_word' id='word_1_73' title='bbox 370 1110 472 1168; x_wconf 92' lang='lat' dir='ltr'>dicunt</span> <span class='ocrx_word' id='word_1_74' title='bbox 486 1111 565 1168; x_wconf 90' lang='lat' dir='ltr'>circa</span> <span class='ocrx_word' id='word_1_75' title='bbox 579 1109 711 1180; x_wconf 90' lang='lat' dir='ltr'>modum,</span> <span class='ocrx_word' id='word_1_76' title='bbox 732 1127 792 1185; x_wconf 89' lang='lat' dir='ltr'>quo</span> <span class='ocrx_word' id='word_1_77' title='bbox 807 1107 936 1168; x_wconf 86' lang='lat' dir='ltr'>evolutio</span> <span class='ocrx_word' id='word_1_78' title='bbox 951 1117 981 1166; x_wconf 92' lang='lat' dir='ltr'>et</span> <span class='ocrx_word' id='word_1_79' title='bbox 994 1117 1085 1166; x_wconf 89' lang='lat' dir='ltr'>trans·</span> 
     </span>
     <span class='ocr_line' id='line_1_12' title="bbox 99 1193 444 1258; baseline -0.003 -2"><span class='ocrx_word' id='word_1_80' title='bbox 99 1199 239 1258; x_wconf 86' lang='lat' dir='ltr'>formatio</span> <span class='ocrx_word' id='word_1_81' title='bbox 259 1193 318 1256; x_wconf 88' lang='lat' dir='ltr'>fiat.</span> <span class='ocrx_word' id='word_1_82' title='bbox 349 1200 444 1257; x_wconf 82' lang='lat' dir='ltr'>Nam:</span> 
     </span>
     <span class='ocr_line' id='line_1_13' title="bbox 119 1282 1084 1364; baseline 0.002 -22"><span class='ocrx_word' id='word_1_83' title='bbox 119 1347 122 1353; x_wconf 56' lang='grc'>,</span> <span class='ocrx_word' id='word_1_84' title='bbox 161 1282 190 1362; x_wconf 88' lang='grc' dir='ltr'>α)</span> <span class='ocrx_word' id='word_1_85' title='bbox 204 1287 441 1348; x_wconf 90' lang='lat' dir='ltr'>Generationem</span> <span class='ocrx_word' id='word_1_86' title='bbox 451 1288 648 1364; x_wconf 87' lang='lat' dir='ltr'>aequivocam</span> <span class='ocrx_word' id='word_1_87' title='bbox 657 1288 705 1346; x_wconf 90' lang='lat' dir='ltr'>vel</span> <span class='ocrx_word' id='word_1_88' title='bbox 714 1297 911 1363; x_wconf 87' lang='lat' dir='ltr'>spontaneam</span> <span class='ocrx_word' id='word_1_89' title='bbox 921 1287 1084 1346; x_wconf 88' lang='lat' dir='ltr'>defendere</span> 
     </span>
     <span class='ocr_line' id='line_1_14' title="bbox 18 1371 1083 1454; baseline 0 -20"><span class='ocrx_word' id='word_1_90' title='bbox 18 1412 23 1421; x_wconf 83' lang='lat'>-</span> <span class='ocrx_word' id='word_1_91' title='bbox 99 1395 242 1452; x_wconf 84' lang='lat' dir='ltr'>praesens</span> <span class='ocrx_word' id='word_1_92' title='bbox 263 1376 405 1437; x_wconf 86' lang='lat' dir='ltr'>scientiae</span> <span class='ocrx_word' id='word_1_93' title='bbox 426 1388 516 1436; x_wconf 87' lang='lat' dir='ltr'>status</span> <span class='ocrx_word' id='word_1_94' title='bbox 536 1396 599 1436; x_wconf 90' lang='lat' dir='ltr'>non</span> <span class='ocrx_word' id='word_1_95' title='bbox 620 1377 744 1454; x_wconf 89' lang='lat' dir='ltr'>amplius</span> <span class='ocrx_word' id='word_1_96' title='bbox 770 1375 911 1452; x_wconf 89' lang='lat' dir='ltr'>permittit</span> <span class='ocrx_word' id='word_1_97' title='bbox 933 1371 1083 1450; x_wconf 84' lang='lat' dir='ltr'>(Pasteur).</span> 
     </span>
    </p>

    <p class='ocr_par' dir='ltr' id='par_1_7' title="bbox 95 1463 1085 1811">
     <span class='ocr_line' id='line_1_15' title="bbox 160 1463 1085 1540; baseline -0.004 -14"><span class='ocrx_word' id='word_1_98' title='bbox 160 1463 186 1540; x_wconf 84' lang='grc' dir='ltr'>β)</span> <span class='ocrx_word' id='word_1_99' title='bbox 218 1465 371 1526; x_wconf 84' lang='lat' dir='ltr'>Sententia</span> <span class='ocrx_word' id='word_1_100' title='bbox 400 1466 543 1525; x_wconf 88' lang='lat' dir='ltr'>Darwinii</span> <span class='ocrx_word' id='word_1_101' title='bbox 573 1465 654 1525; x_wconf 91' lang='lat' dir='ltr'>circa</span> <span class='ocrx_word' id='word_1_102' title='bbox 684 1466 883 1525; x_wconf 89' lang='lat' dir='ltr'>evolutionem</span> <span class='ocrx_word' id='word_1_103' title='bbox 918 1465 1085 1540; x_wconf 88' lang='lat' dir='ltr'>specierum</span> 
     </span>
     <span class='ocr_line' id='line_1_16' title="bbox 95 1553 1084 1631; baseline -0.001 -18"><span class='ocrx_word' id='word_1_104' title='bbox 95 1554 276 1615; x_wconf 89' lang='lat' dir='ltr'>contradicit</span> <span class='ocrx_word' id='word_1_105' title='bbox 297 1556 428 1631; x_wconf 90' lang='lat' dir='ltr'>ipsarum</span> <span class='ocrx_word' id='word_1_106' title='bbox 447 1555 563 1615; x_wconf 87' lang='lat' dir='ltr'>illarum</span> <span class='ocrx_word' id='word_1_107' title='bbox 584 1555 750 1631; x_wconf 86' lang='lat' dir='ltr'>specierum</span> <span class='ocrx_word' id='word_1_108' title='bbox 778 1553 977 1625; x_wconf 86' lang='lat' dir='ltr'>constantiae,</span> <span class='ocrx_word' id='word_1_109' title='bbox 1007 1572 1084 1631; x_wconf 89' lang='lat' dir='ltr'>quae</span> 
     </span>
     <span class='ocr_line' id='line_1_17' title="bbox 96 1644 1084 1721; baseline -0.003 -17"><span class='ocrx_word' id='word_1_110' title='bbox 96 1645 236 1704; x_wconf 88' lang='lat' dir='ltr'>omnibus</span> <span class='ocrx_word' id='word_1_111' title='bbox 252 1645 446 1721; x_wconf 87' lang='lat' dir='ltr'>temporibus,</span> <span class='ocrx_word' id='word_1_112' title='bbox 468 1647 572 1706; x_wconf 89' lang='lat' dir='ltr'>saltem</span> <span class='ocrx_word' id='word_1_113' title='bbox 593 1644 747 1716; x_wconf 91' lang='lat' dir='ltr'>historicis,</span> <span class='ocrx_word' id='word_1_114' title='bbox 769 1645 875 1720; x_wconf 70' lang='lat' dir='ltr'>valuit,</span> <span class='ocrx_word' id='word_1_115' title='bbox 896 1662 995 1719; x_wconf 88' lang='lat' dir='ltr'>neque</span> <span class='ocrx_word' id='word_1_116' title='bbox 1017 1661 1084 1701; x_wconf 88' lang='lat' dir='ltr'>cum</span> 
     </span>
     <span class='ocr_line' id='line_1_18' title="bbox 95 1733 1085 1811; baseline -0.002 -19"><span class='ocrx_word' id='word_1_117' title='bbox 95 1734 182 1793; x_wconf 84' lang='lat' dir='ltr'>sactis</span> <span class='ocrx_word' id='word_1_118' title='bbox 203 1735 485 1811; x_wconf 87' lang='lat' dir='ltr'>palaeontologicis,</span> <span class='ocrx_word' id='word_1_119' title='bbox 507 1735 615 1794; x_wconf 91' lang='lat' dir='ltr'>nostris</span> <span class='ocrx_word' id='word_1_120' title='bbox 637 1734 809 1810; x_wconf 91' lang='lat' dir='ltr'>praesertim</span> <span class='ocrx_word' id='word_1_121' title='bbox 831 1733 1013 1809; x_wconf 89' lang='lat' dir='ltr'>temporibus</span> <span class='ocrx_word' id='word_1_122' title='bbox 1035 1733 1085 1790; x_wconf 92' lang='lat' dir='ltr'>ob·</span> 
     </span>
    </p>
   </div>
   <div class='ocr_carea' id='block_1_7' title="bbox 8 1822 1088 2344">
    <p class='ocr_par' dir='ltr' id='par_1_8' title="bbox 96 1822 542 1901">
     <span class='ocr_line' id='line_1_19' title="bbox 96 1822 542 1901; baseline 0.002 -19"><span class='ocrx_word' id='word_1_123' title='bbox 96 1822 228 1896; x_wconf 88' lang='lat' dir='ltr'>servatis,</span> <span class='ocrx_word' id='word_1_124' title='bbox 251 1824 393 1901; x_wconf 87' lang='lat' dir='ltr'>componi</span> <span class='ocrx_word' id='word_1_125' title='bbox 414 1835 513 1901; x_wconf 88' lang='lat' dir='ltr'>potest</span> <span class='ocrx_word' id='word_1_126' title='bbox 525 1826 542 1883; x_wconf 90' lang='lat'>¹.</span> 
     </span>
    </p>

    <p class='ocr_par' dir='ltr' id='par_1_9' title="bbox 8 1910 1088 2170">
     <span class='ocr_line' id='line_1_20' title="bbox 159 1910 1086 1990; baseline -0.003 -19"><span class='ocrx_word' id='word_1_127' title='bbox 159 1932 186 1987; x_wconf 80' lang='lat'>3.</span> <span class='ocrx_word' id='word_1_128' title='bbox 209 1914 310 1971; x_wconf 83' lang='lat' dir='ltr'>Multa</span> <span class='ocrx_word' id='word_1_129' title='bbox 329 1916 446 1990; x_wconf 71' lang='lat' dir='ltr'>denepue</span> <span class='ocrx_word' id='word_1_130' title='bbox 466 1922 493 1972; x_wconf 86' lang='lat' dir='ltr'>et</span> <span class='ocrx_word' id='word_1_131' title='bbox 505 1917 557 1973; x_wconf 86' lang='lat' dir='ltr'>ille</span> <span class='ocrx_word' id='word_1_132' title='bbox 570 1916 680 1990; x_wconf 76' lang='lat' dir='ltr'>quz&#39;elem</span> <span class='ocrx_word' id='word_1_133' title='bbox 690 1912 867 1988; x_wconf 78' lang='lat' dir='ltr'>gravissime</span> <span class='ocrx_word' id='word_1_134' title='bbox 877 1910 965 1987; x_wconf 81' lang='lat' dir='ltr'>sacto</span> <span class='ocrx_word' id='word_1_135' title='bbox 979 1912 1086 1970; x_wconf 78' lang='lat' dir='ltr'>viribus</span> 
     </span>
     <span class='ocr_line' id='line_1_21' title="bbox 96 2002 1088 2080; baseline -0.004 -19"><span class='ocrx_word' id='word_1_136' title='bbox 96 2004 235 2061; x_wconf 81' lang='lat' dir='ltr'>materiae</span> <span class='ocrx_word' id='word_1_137' title='bbox 255 2004 396 2080; x_wconf 85' lang='lat' dir='ltr'>explicere</span> <span class='ocrx_word' id='word_1_138' title='bbox 416 2023 473 2062; x_wconf 84' lang='lat' dir='ltr'>nen</span> <span class='ocrx_word' id='word_1_139' title='bbox 487 2012 610 2080; x_wconf 84' lang='lat' dir='ltr'>pessunt</span> <span class='ocrx_word' id='word_1_140' title='bbox 628 2006 847 2073; x_wconf 68' lang='lat' dir='ltr'>materialistae,</span> <span class='ocrx_word' id='word_1_141' title='bbox 877 2004 924 2061; x_wconf 81' lang='lat' dir='ltr'>uel</span> <span class='ocrx_word' id='word_1_142' title='bbox 948 2021 1003 2060; x_wconf 85' lang='lat' dir='ltr'>nen</span> <span class='ocrx_word' id='word_1_143' title='bbox 1030 2002 1088 2058; x_wconf 79' lang='lat' dir='ltr'>uisi</span> 
     </span>
     <span class='ocr_line' id='line_1_22' title="bbox 8 2094 857 2170; baseline 0 -21"><span class='ocrx_word' id='word_1_144' title='bbox 8 2102 9 2105; x_wconf 75' lang='grc'>’</span> <span class='ocrx_word' id='word_1_145' title='bbox 96 2094 267 2168; x_wconf 84' lang='lat' dir='ltr'>ineptissime</span> <span class='ocrx_word' id='word_1_146' title='bbox 286 2095 434 2169; x_wconf 85' lang='lat' dir='ltr'>explicant.</span> <span class='ocrx_word' id='word_1_147' title='bbox 482 2094 567 2151; x_wconf 83' lang='lat' dir='ltr'>Talia</span> <span class='ocrx_word' id='word_1_148' title='bbox 587 2102 656 2151; x_wconf 83' lang='lat' dir='ltr'>sunt</span> <span class='ocrx_word' id='word_1_149' title='bbox 668 2095 857 2170; x_wconf 82' lang='lat' dir='ltr'>praesertim:</span> 
     </span>
    </p>

    <p class='ocr_par' dir='ltr' id='par_1_10' title="bbox 8 2175 1085 2344">
     <span class='ocr_line' id='line_1_23' title="bbox 159 2175 1085 2259; baseline -0.002 -20"><span class='ocrx_word' id='word_1_150' title='bbox 159 2175 187 2256; x_wconf 85' lang='lat' dir='ltr'>a)</span> <span class='ocrx_word' id='word_1_151' title='bbox 211 2182 348 2241; x_wconf 87' lang='lat' dir='ltr'>formatio</span> <span class='ocrx_word' id='word_1_152' title='bbox 369 2182 504 2241; x_wconf 88' lang='lat' dir='ltr'>idearum</span> <span class='ocrx_word' id='word_1_153' title='bbox 521 2183 596 2241; x_wconf 91' lang='lat' dir='ltr'>etin</span> <span class='ocrx_word' id='word_1_154' title='bbox 609 2201 721 2259; x_wconf 87' lang='lat' dir='ltr'>genere</span> <span class='ocrx_word' id='word_1_155' title='bbox 736 2182 832 2241; x_wconf 88' lang='lat' dir='ltr'>omnis</span> <span class='ocrx_word' id='word_1_156' title='bbox 847 2178 989 2257; x_wconf 85' lang='lat' dir='ltr'>cogitatio</span> <span class='ocrx_word' id='word_1_157' title='bbox 1004 2180 1085 2238; x_wconf 87' lang='lat' dir='ltr'>intel·</span> 
     </span>
     <span class='ocr_line' id='line_1_24' title="bbox 8 2265 272 2344; baseline 0.008 -17"><span class='ocrx_word' id='word_1_158' title='bbox 8 2265 11 2312; x_wconf 44' lang='grc' dir='ltr'><em>ἕ</em></span> <span class='ocrx_word' id='word_1_159' title='bbox 99 2270 272 2344; x_wconf 77' lang='lat' dir='ltr'>lectualis²;</span> 
     </span>
    </p>
   </div>
   <div class='ocr_carea' id='block_1_8' title="bbox 161 2463 1085 2528">
    <p class='ocr_par' dir='ltr' id='par_1_11' title="bbox 161 2463 1085 2528">
     <span class='ocr_line' id='line_1_25' title="bbox 161 2463 1085 2528; baseline -0.001 -14"><span class='ocrx_word' id='word_1_160' title='bbox 161 2463 169 2495; x_wconf 84' lang='lat'><strong>¹</strong></span> <span class='ocrx_word' id='word_1_161' title='bbox 190 2467 228 2515; x_wconf 81' lang='lat' dir='ltr'>ct.</span> <span class='ocrx_word' id='word_1_162' title='bbox 248 2467 281 2515; x_wconf 88' lang='lat' dir='ltr'>de</span> <span class='ocrx_word' id='word_1_163' title='bbox 300 2467 348 2516; x_wconf 86' lang='lat' dir='ltr'>hac</span> <span class='ocrx_word' id='word_1_164' title='bbox 366 2484 393 2516; x_wconf 89' lang='lat' dir='ltr'>re</span> <span class='ocrx_word' id='word_1_165' title='bbox 412 2468 435 2517; x_wconf 86' lang='lat' dir='ltr'>l.</span> <span class='ocrx_word' id='word_1_166' title='bbox 455 2469 486 2517; x_wconf 89' lang='lat' dir='ltr'>B.</span> <span class='ocrx_word' id='word_1_167' title='bbox 502 2470 563 2528; x_wconf 86' lang='lat' dir='ltr'>Pelt,</span> <span class='ocrx_word' id='word_1_168' title='bbox 585 2468 700 2517; x_wconf 89' lang='lat' dir='ltr'>Histoire</span> <span class='ocrx_word' id='word_1_169' title='bbox 720 2468 752 2517; x_wconf 87' lang='lat' dir='ltr'>de</span> <span class='ocrx_word' id='word_1_170' title='bbox 770 2468 890 2516; x_wconf 87' lang='lat' dir='ltr'>l&#39;Ancien</span> <span class='ocrx_word' id='word_1_171' title='bbox 909 2467 1085 2515; x_wconf 81' lang='lat' dir='ltr'>Testamenti</span> 
     </span>
    </p>
   </div>
   <div class='ocr_carea' id='block_1_9' title="bbox 8 2543 1084 2613">
    <p class='ocr_par' dir='ltr' id='par_1_12' title="bbox 8 2543 1084 2613">
     <span class='ocr_line' id='line_1_26' title="bbox 8 2543 1084 2613; baseline -0.009 -9"><span class='ocrx_word' id='word_1_172' title='bbox 8 2563 13 2604; x_wconf 65' lang='lat' dir='ltr'>s</span> <span class='ocrx_word' id='word_1_173' title='bbox 96 2544 149 2609; x_wconf 82' lang='lat' dir='ltr'>(ed.</span> <span class='ocrx_word' id='word_1_174' title='bbox 170 2543 209 2608; x_wconf 86' lang='lat'>3),</span> <span class='ocrx_word' id='word_1_175' title='bbox 230 2557 263 2609; x_wconf 90' lang='lat'>27</span> <span class='ocrx_word' id='word_1_176' title='bbox 282 2564 335 2611; x_wconf 83' lang='lat' dir='ltr'>sq.;</span> <span class='ocrx_word' id='word_1_177' title='bbox 356 2548 451 2596; x_wconf 88' lang='lat' dir='ltr'>ibidem</span> <span class='ocrx_word' id='word_1_178' title='bbox 470 2565 495 2613; x_wconf 93' lang='lat' dir='ltr'>p.</span> <span class='ocrx_word' id='word_1_179' title='bbox 517 2559 548 2612; x_wconf 84' lang='lat'>52</span> <span class='ocrx_word' id='word_1_180' title='bbox 568 2558 595 2597; x_wconf 87' lang='lat' dir='ltr'>et</span> <span class='ocrx_word' id='word_1_181' title='bbox 615 2559 655 2612; x_wconf 83' lang='lat'>53.</span> <span class='ocrx_word' id='word_1_182' title='bbox 675 2574 708 2582; x_wconf 85' lang='lat'>—-</span> <span class='ocrx_word' id='word_1_183' title='bbox 728 2548 779 2610; x_wconf 87' lang='lat' dir='ltr'>Qui</span> <span class='ocrx_word' id='word_1_184' title='bbox 799 2548 831 2596; x_wconf 92' lang='lat' dir='ltr'>de</span> <span class='ocrx_word' id='word_1_185' title='bbox 850 2547 1011 2596; x_wconf 81' lang='lat' dir='ltr'>darwiuismo</span> <span class='ocrx_word' id='word_1_186' title='bbox 1030 2562 1084 2610; x_wconf 88' lang='lat' dir='ltr'>spe-</span> 
     </span>
    </p>
   </div>
   <div class='ocr_carea' id='block_1_10' title="bbox 97 2626 1108 2774">
    <p class='ocr_par' dir='ltr' id='par_1_13' title="bbox 97 2626 1108 2774">
     <span class='ocr_line' id='line_1_27' title="bbox 97 2626 1108 2692; baseline 0.001 -19"><span class='ocrx_word' id='word_1_187' title='bbox 97 2626 183 2674; x_wconf 88' lang='lat' dir='ltr'>ciatim</span> <span class='ocrx_word' id='word_1_188' title='bbox 201 2627 273 2691; x_wconf 84' lang='lat' dir='ltr'>plura</span> <span class='ocrx_word' id='word_1_189' title='bbox 292 2628 418 2676; x_wconf 89' lang='lat' dir='ltr'>desiderat</span> <span class='ocrx_word' id='word_1_190' title='bbox 437 2629 535 2692; x_wconf 87' lang='lat' dir='ltr'>legere,</span> <span class='ocrx_word' id='word_1_191' title='bbox 565 2629 640 2677; x_wconf 87' lang='lat' dir='ltr'>adeat</span> <span class='ocrx_word' id='word_1_192' title='bbox 658 2629 792 2679; x_wconf 80' lang='lat' dir='ltr'>Hontheim</span> <span class='ocrx_word' id='word_1_193' title='bbox 811 2628 827 2677; x_wconf 89' lang='lat' dir='ltr'>l.</span> <span class='ocrx_word' id='word_1_194' title='bbox 848 2644 868 2677; x_wconf 92' lang='lat' dir='ltr'>c.</span> <span class='ocrx_word' id='word_1_195' title='bbox 889 2645 914 2692; x_wconf 87' lang='lat' dir='ltr'>p.</span> <span class='ocrx_word' id='word_1_196' title='bbox 934 2627 1083 2689; x_wconf 87' lang='lat'>402—438.</span> <span class='ocrx_word' id='word_1_197' title='bbox 1106 2627 1108 2631; x_wconf 78' lang='grc'>’</span> 
     </span>
     <span class='ocr_line' id='line_1_28' title="bbox 159 2703 1085 2774; baseline -0.001 -20"><span class='ocrx_word' id='word_1_198' title='bbox 159 2703 170 2734; x_wconf 76' lang='lat'>²</span> <span class='ocrx_word' id='word_1_199' title='bbox 191 2706 246 2754; x_wconf 81' lang='lat' dir='ltr'>«En</span> <span class='ocrx_word' id='word_1_200' title='bbox 265 2708 393 2771; x_wconf 90' lang='lat' dir='ltr'>quomodo</span> <span class='ocrx_word' id='word_1_201' title='bbox 411 2708 475 2771; x_wconf 82' lang='lat' dir='ltr'>Vogt</span> <span class='ocrx_word' id='word_1_202' title='bbox 492 2706 661 2772; x_wconf 80' lang='lat' dir='ltr'>(Tierstaaten</span> <span class='ocrx_word' id='word_1_203' title='bbox 682 2726 707 2774; x_wconf 92' lang='lat' dir='ltr'>p.</span> <span class='ocrx_word' id='word_1_204' title='bbox 722 2707 768 2773; x_wconf 85' lang='lat'>25)</span> <span class='ocrx_word' id='word_1_205' title='bbox 789 2718 867 2757; x_wconf 83' lang='lat' dir='ltr'>artem</span> <span class='ocrx_word' id='word_1_206' title='bbox 886 2707 1085 2772; x_wconf 80' lang='lat' dir='ltr'>paedagogicam</span> 
     </span>
    </p>
   </div>
   <div class='ocr_carea' id='block_1_11' title="bbox 8 2785 1085 2854">
    <p class='ocr_par' dir='ltr' id='par_1_14' title="bbox 8 2785 1085 2854">
     <span class='ocr_line' id='line_1_29' title="bbox 8 2785 1085 2854; baseline -0.001 -19"><span class='ocrx_word' id='word_1_207' title='bbox 8 2845 9 2848; x_wconf 8' lang='grc' dir='ltr'><strong>Ἴ</strong></span> <span class='ocrx_word' id='word_1_208' title='bbox 96 2785 191 2835; x_wconf 86' lang='lat' dir='ltr'>saeculi</span> <span class='ocrx_word' id='word_1_209' title='bbox 217 2787 396 2837; x_wconf 85' lang='lat' dir='ltr'>materialistici</span> <span class='ocrx_word' id='word_1_210' title='bbox 421 2789 558 2854; x_wconf 85' lang='lat' dir='ltr'>depingat:</span> <span class='ocrx_word' id='word_1_211' title='bbox 588 2790 657 2850; x_wconf 84' lang='lat' dir='ltr'>,Man</span> <span class='ocrx_word' id='word_1_212' title='bbox 684 2790 748 2838; x_wconf 89' lang='lat' dir='ltr'>wird</span> <span class='ocrx_word' id='word_1_213' title='bbox 772 2788 860 2853; x_wconf 80' lang='lat' dir='ltr'>gewiss</span> <span class='ocrx_word' id='word_1_214' title='bbox 887 2787 998 2836; x_wconf 90' lang='lat' dir='ltr'>dereinst</span> <span class='ocrx_word' id='word_1_215' title='bbox 1023 2787 1085 2835; x_wconf 86' lang='lat' dir='ltr'>dazu</span> 
     </span>
    </p>
   </div>
   <div class='ocr_carea' id='block_1_12' title="bbox 97 2867 1086 3095">
    <p class='ocr_par' dir='ltr' id='par_1_15' title="bbox 97 2867 1086 3095">
     <span class='ocr_line' id='line_1_30' title="bbox 97 2867 1084 2932; baseline 0.003 -18"><span class='ocrx_word' id='word_1_216' title='bbox 97 2867 225 2929; x_wconf 87' lang='lat' dir='ltr'>kommen,</span> <span class='ocrx_word' id='word_1_217' title='bbox 244 2868 284 2915; x_wconf 87' lang='lat' dir='ltr'>fur</span> <span class='ocrx_word' id='word_1_218' title='bbox 300 2868 444 2917; x_wconf 88' lang='lat' dir='ltr'>besondere</span> <span class='ocrx_word' id='word_1_219' title='bbox 458 2868 689 2919; x_wconf 88' lang='lat' dir='ltr'>Gedankenreihen</span> <span class='ocrx_word' id='word_1_220' title='bbox 706 2870 770 2919; x_wconf 90' lang='lat' dir='ltr'>auch</span> <span class='ocrx_word' id='word_1_221' title='bbox 783 2870 924 2919; x_wconf 88' lang='lat' dir='ltr'>besondere</span> <span class='ocrx_word' id='word_1_222' title='bbox 937 2868 1084 2932; x_wconf 86' lang='lat' dir='ltr'>Nahrungs-</span> 
     </span>
     <span class='ocr_line' id='line_1_31' title="bbox 97 2947 1084 3014; baseline 0.001 -19"><span class='ocrx_word' id='word_1_223' title='bbox 97 2947 187 2997; x_wconf 91' lang='lat' dir='ltr'>reihen</span> <span class='ocrx_word' id='word_1_224' title='bbox 213 2964 243 2996; x_wconf 88' lang='lat' dir='ltr'>zu</span> <span class='ocrx_word' id='word_1_225' title='bbox 268 2947 369 3008; x_wconf 86' lang='lat' dir='ltr'>finden,</span> <span class='ocrx_word' id='word_1_226' title='bbox 398 2950 494 2999; x_wconf 89' lang='lat' dir='ltr'>welche</span> <span class='ocrx_word' id='word_1_227' title='bbox 519 2951 641 2999; x_wconf 84' lang='lat' dir='ltr'>einander</span> <span class='ocrx_word' id='word_1_228' title='bbox 659 2950 846 3014; x_wconf 85' lang='lat' dir='ltr'>wechselseitig</span> <span class='ocrx_word' id='word_1_229' title='bbox 864 2949 1001 3013; x_wconf 85' lang='lat' dir='ltr'>bedingen.</span> <span class='ocrx_word' id='word_1_230' title='bbox 1040 2949 1084 2997; x_wconf 78' lang='lat' dir='ltr'>ich</span> 
     </span>
     <span class='ocr_line' id='line_1_32' title="bbox 98 3028 1086 3095; baseline 0.002 -20"><span class='ocrx_word' id='word_1_231' title='bbox 98 3028 205 3092; x_wconf 85' lang='lat' dir='ltr'>glaube,</span> <span class='ocrx_word' id='word_1_232' title='bbox 225 3045 283 3077; x_wconf 85' lang='lat' dir='ltr'>man</span> <span class='ocrx_word' id='word_1_233' title='bbox 302 3030 388 3078; x_wconf 80' lang='lat' dir='ltr'>wflrde</span> <span class='ocrx_word' id='word_1_234' title='bbox 406 3030 486 3079; x_wconf 92' lang='lat' dir='ltr'>durch</span> <span class='ocrx_word' id='word_1_235' title='bbox 505 3030 698 3095; x_wconf 68' lang='lat' dir='ltr'>zweckmiissige</span> <span class='ocrx_word' id='word_1_236' title='bbox 717 3031 879 3094; x_wconf 85' lang='lat' dir='ltr'>Anordnung</span> <span class='ocrx_word' id='word_1_237' title='bbox 898 3030 942 3078; x_wconf 90' lang='lat' dir='ltr'>der</span> <span class='ocrx_word' id='word_1_238' title='bbox 960 3029 1086 3093; x_wconf 86' lang='lat' dir='ltr'>Nahrung</span> 
     </span>
    </p>
   </div>
   <div class='ocr_carea' id='block_1_13' title="bbox 8 3109 1171 3335">
    <p class='ocr_par' dir='ltr' id='par_1_16' title="bbox 8 3109 1171 3335">
     <span class='ocr_line' id='line_1_33' title="bbox 8 3109 1085 3176; baseline -0.001 -18"><span class='ocrx_word' id='word_1_239' title='bbox 8 3152 11 3175; x_wconf 31' lang='grc' dir='ltr'>ἱ</span> <span class='ocrx_word' id='word_1_240' title='bbox 98 3110 302 3168; x_wconf 76' lang='lat' dir='ltr'>Staatsmiinner,</span> <span class='ocrx_word' id='word_1_241' title='bbox 328 3110 531 3170; x_wconf 86' lang='lat' dir='ltr'>Bureaukraten,</span> <span class='ocrx_word' id='word_1_242' title='bbox 560 3111 727 3176; x_wconf 86' lang='lat' dir='ltr'>Theologen,</span> <span class='ocrx_word' id='word_1_243' title='bbox 753 3111 964 3168; x_wconf 78' lang='lat' dir='ltr'>Revolutionere,</span> <span class='ocrx_word' id='word_1_244' title='bbox 991 3109 1085 3157; x_wconf 90' lang='lat' dir='ltr'>Aristo-</span> 
     </span>
     <span class='ocr_line' id='line_1_34' title="bbox 97 3184 1171 3250; baseline 0 -13"><span class='ocrx_word' id='word_1_245' title='bbox 97 3189 194 3248; x_wconf 86' lang='lat' dir='ltr'>kraten,</span> <span class='ocrx_word' id='word_1_246' title='bbox 215 3188 367 3239; x_wconf 86' lang='lat' dir='ltr'>Socialisten</span> <span class='ocrx_word' id='word_1_247' title='bbox 386 3207 410 3240; x_wconf 91' lang='lat' dir='ltr'>u.</span> <span class='ocrx_word' id='word_1_248' title='bbox 430 3208 450 3241; x_wconf 92' lang='lat' dir='ltr'>s.</span> <span class='ocrx_word' id='word_1_249' title='bbox 463 3208 494 3240; x_wconf 90' lang='lat' dir='ltr'>w.</span> <span class='ocrx_word' id='word_1_250' title='bbox 514 3192 580 3240; x_wconf 91' lang='lat' dir='ltr'>nach</span> <span class='ocrx_word' id='word_1_251' title='bbox 600 3192 722 3241; x_wconf 85' lang='lat' dir='ltr'>Belieben</span> <span class='ocrx_word' id='word_1_252' title='bbox 740 3192 828 3241; x_wconf 89' lang='lat' dir='ltr'>bilden</span> <span class='ocrx_word' id='word_1_253' title='bbox 841 3192 952 3250; x_wconf 77' lang='lat' dir='ltr'>konnen,</span> <span class='ocrx_word' id='word_1_254' title='bbox 972 3190 1025 3238; x_wconf 91' lang='lat' dir='ltr'>und</span> <span class='ocrx_word' id='word_1_255' title='bbox 1040 3190 1085 3237; x_wconf 89' lang='lat' dir='ltr'>der</span> <span class='ocrx_word' id='word_1_256' title='bbox 1170 3184 1171 3199; x_wconf 60' lang='lat'>¹</span> 
     </span>
     <span class='ocr_line' id='line_1_35' title="bbox 8 3268 1085 3335; baseline -0.001 -17"><span class='ocrx_word' id='word_1_257' title='bbox 8 3315 9 3318; x_wconf 75' lang='grc'>,</span> <span class='ocrx_word' id='word_1_258' title='bbox 98 3268 253 3318; x_wconf 88' lang='lat' dir='ltr'>unendliche</span> <span class='ocrx_word' id='word_1_259' title='bbox 272 3269 428 3331; x_wconf 82' lang='lat' dir='ltr'>Scharisinn,</span> <span class='ocrx_word' id='word_1_260' title='bbox 451 3271 497 3319; x_wconf 90' lang='lat' dir='ltr'>der</span> <span class='ocrx_word' id='word_1_261' title='bbox 512 3272 574 3335; x_wconf 85' lang='lat' dir='ltr'>jetzt</span> <span class='ocrx_word' id='word_1_262' title='bbox 593 3273 637 3321; x_wconf 84' lang='lat' dir='ltr'>auf</span> <span class='ocrx_word' id='word_1_263' title='bbox 653 3272 870 3331; x_wconf 90' lang='lat' dir='ltr'>Konstitutionen,</span> <span class='ocrx_word' id='word_1_264' title='bbox 891 3271 1005 3330; x_wconf 86' lang='lat' dir='ltr'>Gesetze,</span> <span class='ocrx_word' id='word_1_265' title='bbox 1025 3270 1085 3319; x_wconf 86' lang='lat' dir='ltr'>Ver-</span> 
     </span>
    </p>
   </div>
   <div class='ocr_carea' id='block_1_14' title="bbox 99 3350 1084 3413">
    <p class='ocr_par' dir='ltr' id='par_1_17' title="bbox 99 3350 1084 3413">
     <span class='ocr_line' id='line_1_36' title="bbox 99 3350 1084 3413; baseline -0.001 -15"><span class='ocrx_word' id='word_1_266' title='bbox 99 3350 251 3413; x_wconf 90' lang='lat' dir='ltr'>ordnungen</span> <span class='ocrx_word' id='word_1_267' title='bbox 270 3366 293 3397; x_wconf 89' lang='lat' dir='ltr'>u.</span> <span class='ocrx_word' id='word_1_268' title='bbox 313 3367 333 3399; x_wconf 87' lang='lat' dir='ltr'>s.</span> <span class='ocrx_word' id='word_1_269' title='bbox 351 3367 383 3399; x_wconf 86' lang='lat' dir='ltr'>w.</span> <span class='ocrx_word' id='word_1_270' title='bbox 403 3352 532 3400; x_wconf 84' lang='lat' dir='ltr'>rerwandt</span> <span class='ocrx_word' id='word_1_271' title='bbox 557 3352 634 3411; x_wconf 90' lang='lat' dir='ltr'>wird,</span> <span class='ocrx_word' id='word_1_272' title='bbox 661 3352 746 3400; x_wconf 85' lang='lat' dir='ltr'>wttrde</span> <span class='ocrx_word' id='word_1_273' title='bbox 772 3352 826 3399; x_wconf 91' lang='lat' dir='ltr'>sich</span> <span class='ocrx_word' id='word_1_274' title='bbox 852 3352 920 3399; x_wconf 92' lang='lat' dir='ltr'>dann</span> <span class='ocrx_word' id='word_1_275' title='bbox 946 3352 991 3398; x_wconf 88' lang='lat' dir='ltr'>auf</span> <span class='ocrx_word' id='word_1_276' title='bbox 1006 3350 1084 3398; x_wconf 88' lang='lat' dir='ltr'>Erfin·</span> 
     </span>
    </p>
   </div>
   <div class='ocr_carea' id='block_1_15' title="bbox 0 0 1181 3700">
    <p class='ocr_par' dir='ltr' id='par_1_18' title="bbox 0 0 1181 3700">
     <span class='ocr_line' id='line_1_37' title="bbox 0 0 1181 3700; baseline 0 0"><span class='ocrx_word' id='word_1_277' title='bbox 0 0 1181 3700; x_wconf 95' lang='lat' dir='ltr'> </span> 
     </span>
    </p>
   </div>
  </div>
 </body>
</html>
