2350 3700
126 101 160 162 98
507 112 737 151 cxrrnnronocm.

124 279 243 337 semper
272 260 383 319 iudicio
410 260 560 320 criterium
587 260 660 319 illud
688 262 857 336 comparari
884 261 1019 333 debere,
1052 278 1122 318 curn

123 360 224 409 tamen
255 349 439 426 experientia
469 358 585 409 constet
615 367 680 408 esse
710 348 820 407 iudicia
849 350 1005 425 quaedam
1037 344 1122 425 (puta

124 438 304 516 principium
326 432 592 513 contradictionis),
613 438 646 496 in
659 438 766 513 quibus
787 456 848 496 uno
869 450 900 497 et
921 438 1038 498 eodem
1052 449 1122 497 actu

123 538 154 586 et
168 529 365 587 conexionem
379 528 503 588 subiecti
518 538 548 588 et
562 527 727 605 praedicati
741 538 771 587 et
785 528 932 587 rationem
953 529 1122 586 obz'cctivam

122 616 207 676 huius
228 617 401 676 conexionis
422 617 636 694 perspiciamus
647 617 664 676 ¹.

184 734 211 791 3.
234 715 417 791 Hypothesis
443 733 516 774 vero
537 717 661 773 numinis
685 716 807 788 malagni
824 713 1014 792 experientia
1034 716 1122 773 nullo

122 804 213 863 modo
241 806 398 882 probatur,
430 806 483 866 sed
510 804 601 881 gratis
629 806 667 863 ab
695 804 766 881 ipsis
793 804 912 880 ponitur
939 805 1038 863 modo
1067 804 1121 861 illo

124 894 353 969 interrogatorio
377 894 460 969 «quis
481 894 553 953 scit»
565 895 586 953 ².
1162 961 1164 964 ¹

182 995 219 1052 ΙΙ.
248 993 432 1067 Argumentis
461 992 626 1068 quibusdam
647 1001 705 1067 per
730 993 911 1051 absurdum⁸.
956 993 1119 1069 Scepticus
1162 1005 1164 1027 ³

123 1082 219 1155 enim,
250 1084 308 1140 nisi
327 1083 361 1139 dc
383 1083 442 1158 ipso
462 1101 512 1139 suo
532 1081 616 1139 dubio
635 1081 755 1149 dubitet,
784 1082 912 1139 affirmat
938 1101 1009 1139 cum
1035 1086 1119 1140 certi·

120 1171 216 1229 tudine
244 1170 389 1230 rationem
416 1171 576 1229 humanam
598 1170 671 1228 nihil
693 1179 776 1228 certo
796 1171 872 1229 scire
892 1188 999 1246 posse,
1030 1173 1118 1246 quod

121 1260 390 1319 contradictionem
410 1260 566 1319 manifeste
587 1259 719 1317 involvit.

181 1362 257 1417 Item
271 1359 336 1435 ipsa
349 1378 402 1416 rua
415 1360 527 1417 ratzbne
540 1358 726 1418 demonstrat
738 1357 886 1415 rationem
897 1357 974 1415 nihil
988 1359 1117 1417 demon·

121 1458 213 1508 strare
234 1467 332 1523 posse,
354 1447 413 1506 alia
433 1447 518 1506 huius
539 1446 630 1519 modi,
652 1448 711 1504 alia
731 1446 795 1505 aliis
816 1446 1002 1506 absurdiora.

182 1548 263 1622 Quae
289 1565 350 1605 cum
376 1548 418 1604 ita
443 1548 515 1616 sint,
544 1546 757 1604 camludendum
784 1553 826 1602 cst
849 1546 1051 1621 scottio'snmm
1081 1554 1117 1603 ut

118 1644 236 1714 systema
250 1638 361 1695 omnino
375 1636 563 1693 arbitrarium
577 1636 745 1708 mgandum,
767 1636 850 1692 immo
870 1642 904 1691 ut
922 1637 1071 1693 insaniam
1093 1655 1114 1691 a
1162 1669 1164 1707 t

116 1726 283 1801 philosopho
303 1728 366 1784 veri
384 1727 504 1783 nominis
524 1743 580 1782 esse
594 1725 774 1784 ,reiciendum

1162 1811 1164 1913 i

182 1947 190 1978 ¹
212 1949 275 1997 «Cet
293 1957 427 2013 argument
446 1944 491 2011 (de
510 1963 648 2013 progressu
666 1948 761 1997 scilicet
777 1948 801 1995 in
814 1944 949 2011 infinitum)
962 1963 1059 2011 repose
1071 1963 1116 1995 sur

118 2044 168 2076 une
187 2028 336 2093 e'quivoque.
373 2029 396 2077 ll
413 2044 525 2094 suppose
544 2045 593 2092 que
611 2027 636 2076 le
654 2028 744 2077 critere
763 2028 795 2076 de
821 2029 846 2075 la
871 2027 964 2087 verite,
995 2026 1114 2087 ‚l'instru-

119 2117 187 2158 ment
203 2108 360 2173 judicatoire‘
381 2109 443 2158 dont
468 2110 538 2172 parle
557 2107 718 2173 Montaigne,
746 2116 785 2156 est
808 2116 835 2157 et
859 2107 913 2158 doit
938 2107 993 2157 erre
1020 2108 1114 2155 extrin-
1162 2152 1164 2171 ἶ

119 2189 195 2254 seque
215 2185 229 2236 *a
248 2189 272 2237 la
290 2189 369 2238 verite
388 2189 469 2238 meme
488 2189 551 2237 dont
570 2189 586 2236 il
606 2187 680 2252 s'agit
705 2189 738 2237 de
763 2187 890 2238 s’assurer.
927 2188 954 2236 si
978 2187 1113 2246 l'homme,

118 2270 185 2318 done
203 2271 238 2317 du
257 2271 364 2334 pouvoir
382 2270 414 2318 de
433 2268 550 2318 reflechir
568 2285 611 2318 sur
626 2285 654 2318 sa
666 2284 761 2333 propre
775 2268 877 2333 pensee,
896 2275 935 2317 est
947 2267 1066 2332 capable,
1088 2277 1115 2316 et

118 2365 182 2398 nous
200 2365 304 2398 verrons
323 2349 383 2414 qu’il
401 2348 469 2409 lest,
493 2349 525 2397 de
544 2349 655 2414 prendre
673 2364 772 2397 comme
790 2349 859 2412 objet
878 2348 910 2398 de
928 2349 1114 2397 connaissance

117 2446 163 2479 son
180 2431 312 2494 jugement
330 2430 438 2490 certain,
465 2437 491 2478 et
509 2429 572 2478 dans
591 2445 621 2478 ce
637 2429 769 2494 jugement
786 2428 811 2477 la
828 2429 917 2478 liaison
935 2429 970 2476 du
994 2429 1115 2493 predicat

117 2527 149 2558 au
168 2510 238 2573 sujet,
259 2509 296 2557 s’il
315 2519 353 2558 est
372 2509 478 2574 capable
498 2510 530 2558 de
548 2510 604 2560 voir
621 2525 671 2573 que
690 2509 787 2559 celle-ci
798 2526 826 2559 se
838 2509 882 2558 fait
894 2525 953 2558 sous
966 2508 1113 2558 l'influence
1162 2546 1163 2581 ἒ

117 2591 149 2638 de
168 2591 193 2638 la
211 2591 394 2639 manifestation
414 2590 539 2654 objective
558 2590 591 2639 de
609 2590 635 2638 la
652 2591 794 2639 connexion
812 2589 857 2638 des
876 2591 943 2639 deux
961 2598 1063 2649 termes,
1087 2590 1114 2638 la

118 2671 296 2720 connaissance
315 2671 426 2720 certaine
445 2686 472 2718 se
488 2669 580 2735 justitie
599 2670 754 2730 elle-meme,
781 2679 806 2718 et
824 2670 877 2720 l¹on
895 2670 962 2720 evite
981 2667 997 2718 b
1014 2671 1041 2718 la
1063 2671 1113 2719 fois

116 2750 140 2800 ie
166 2751 249 2800 cercle
275 2750 372 2801 vicieux
396 2750 464 2800 etle
483 2747 625 2816 progressi
645 2749 747 2798 l'infini»
770 2747 905 2814 (Mercier,
931 2749 1112 2814 Crite'riologie
1162 2744 1163 2779 ³

117 2831 236 2896 generale
255 2849 280 2896 p.
301 2828 357 2895 82).

176 2909 188 2942 ²
209 2911 281 2972 «Que
300 2911 380 2975 sais-je
399 2911 419 2959 si
437 2911 462 2960 le
475 2911 541 2959 Dieu
560 2911 603 2976 qui
621 2918 683 2975 peut
702 2918 757 2960 tout
775 2919 801 2960 et
819 2926 867 2975 par
885 2911 927 2975 qui
943 2909 987 2974 j¹ai
1006 2909 1049 2959 ete
1064 2911 1112 2960 fait

116 3000 142 3040 et
160 2991 216 3040 cre'e
236 2991 271 3040 tel
289 3008 339 3056 que
354 2991 379 3054 je
398 2992 447 3040 suis
467 3029 472 3041 .
493 3029 499 3041 .
520 3029 526 3042 .
546 3007 578 3042 ne
597 2989 647 3040 m'a
665 3008 712 3055 pas
730 2992 774 3040 fait
791 2990 827 3040 tel
845 3007 895 3055 que
911 2991 938 3055 ie
966 3006 1007 3040 me
1033 2999 1111 3039 trom-
1162 2982 1164 3041 ζ

116 3087 189 3135 passe
209 3072 351 3135 toujoursi»
376 3069 523 3134 (Descartes,
547 3078 581 3119 1‘0
600 3069 774 3136 Meditation.)

178 3147 189 3176 ⁸
207 3149 273 3194 vtae
291 3165 316 3210 p.
337 3150 378 3207 64.

1162 3524 1164 3544 Ι

982 3656 1109 3675 x
1157 3547 1164 3676 l
