2350 3700
187 153 226 188 DE
245 151 395 190 mvtstortu
414 142 650 192 PROP0‘51T10NUM
669 154 901 191 couuost'rnktm.
1004 153 1038 206 45

35 299 183 359 subiecto
205 304 419 376 excluduntur3
447 302 529 377 quod
556 304 588 360 nt
609 302 754 378 particula
766 309 888 378 practer
907 304 955 360 vel
975 301 1039 362 aliis

35 389 256 463 locutionibus,
279 413 306 450 v.
321 410 350 467 g.
371 409 493 450 «omnes
514 390 651 466 discipuli
672 401 791 466 praeter
804 393 950 450 Ioannem
971 400 1039 449 sunt

36 478 258 555 philosophi»;
282 483 430 539 «Ioannes
450 479 588 538 omnibus
609 479 773 556 disciplinis
795 499 864 540 curn
883 480 1039 556 diligentia

36 566 145 625 studet
167 578 289 644 praeter
308 568 557 645 philosophiam».
586 569 751 642 Quomodo
772 587 845 628 vero
858 571 916 629 hae
929 587 1039 645 propo

36 655 172 715 sitiones
193 668 389 734 exponantur,
411 658 547 735 sollertes
566 657 704 734 discipuli
724 658 781 734 ipsi
802 656 963 718 invenient·

106 764 134 820 3.
163 745 369 824 Comparativa
390 765 427 805 ea
448 757 492 806 est
512 746 688 822 propositio,
711 765 787 822 quae
808 765 871 806 non
889 748 986 806 solum
999 747 1038 806 de

38 835 261 895 convenientia
280 839 329 895 vel
349 835 609 895 disconvenientia
628 835 754 895 subiecti
775 847 805 895 et
825 835 956 894 attributi
972 855 1039 913 pro

38 924 177 995 nuntiat,
209 925 387 997 sedetiam,
417 925 642 1000 comparatione
663 943 732 984 cum
756 925 815 983 alio
836 924 970 984 subiecto
991 926 1038 984 vel

41 1031 114 1070 cum
136 1013 198 1073 alio
220 1014 394 1089 praedicato
416 1014 507 1084 facta,
530 1014 635 1073 asserit
654 1013 702 1073 vel
723 1024 814 1089 negat
834 1013 1038 1090 praedicatum

42 1102 118 1160 illud
139 1121 229 1178 aeque
249 1113 300 1161 aut
319 1104 412 1161 minus
432 1111 483 1160 aut
502 1104 594 1177 mgis
620 1104 798 1176 convenire3
827 1123 854 1162 v.
876 1121 905 1179 g.
931 1102 1039 1162 «virtus

43 1190 157 1250 dividis
178 1193 272 1250 multo
293 1202 338 1250 est
358 1191 583 1268 praestantior».
617 1192 688 1250 Tres
708 1192 784 1251 haec
805 1192 970 1268 propositio
992 1209 1038 1250 ex·

45 1290 197 1355 ponentes
219 1281 361 1352 continet,
383 1281 415 1338 in
436 1299 510 1356 quas
531 1280 619 1340 facile
640 1279 803 1340 resolvitur.

106 1389 137 1441 4.
160 1369 378 1446 Reduplicotiva
398 1380 443 1428 est
463 1369 638 1446 propositio,
661 1368 692 1428 in
707 1387 767 1445 qua
781 1369 925 1446 particula
938 1368 1038 1445 aliqua

45 1458 222 1533 geminante
236 1487 276 1498 -
292 1478 358 1534 quo,
380 1464 526 1533 quotenus,
541 1465 582 1527 ut,
597 1460 628 1516 in
641 1465 788 1534 quantum,
802 1459 950 1516 secundum
963 1459 1042 1533 quod

46 1577 84 1586 —
106 1547 140 1605 in
163 1548 297 1606 subiecto
317 1557 436 1606 notatur
457 1548 547 1619 ratio,
569 1565 621 1605 cur
639 1549 687 1606 vel
705 1548 853 1605 secundum
872 1566 958 1623 quom
980 1546 1036 1623 ipsi

46 1635 211 1694 conveniat
224 1636 436 1712 praedicatum.
468 1638 598 1708 «Homo,
621 1647 766 1711 quatenus
780 1635 940 1707 rationalis,
962 1636 1038 1694 liber

46 1733 120 1783 est.»
155 1724 323 1797 «Medicus,
347 1744 405 1800 qua
426 1724 561 1784 medicus
582 1736 642 1796 est,
663 1735 763 1801 sanat3
791 1743 851 1801 qua
871 1726 963 1783 homo
984 1736 1036 1795 est,

46 1814 259 1890 ratiocinatum
280 1833 340 1891 qua
360 1813 469 1873 animal
491 1824 542 1886 est,
565 1813 655 1874 sentit
667 1816 715 1874 vel
729 1814 865 1873 dormit.»
896 1813 1038 1890 Redupli·

45 1903 154 1976 cativa,
177 1904 294 1980 quoties
314 1915 399 1963 notat
412 1923 475 1963 non
489 1904 644 1976 rationem,
666 1923 727 1975 cur,
749 1904 804 1962 sed
817 1903 972 1973 rationem,
995 1920 1038 1961 se·

46 1993 181 2051 cundum
202 2012 292 2069 quarn
313 1993 518 2069 praedicatum
546 1994 682 2052 subiecto
710 1992 883 2065 conveniat,
911 1991 1038 2051 strictius

48 2082 238 2157 speoficotioa
259 2092 390 2141 vocatur.

108 2170 227 2245 Quibus
247 2170 396 2247 expositis,
418 2172 516 2230 elucet
534 2169 707 2247 simpliciter
721 2170 966 2247 reduplicativam
983 2188 1037 2245 per

47 2260 199 2319 causalem
220 2259 456 2336 propositionem
477 2259 601 2336 exponi,
623 2258 854 2336 specificativam
874 2276 961 2330 vero,
983 2276 1038 2333 per

47 2349 258 2425 copulativam.

216 2515 247 2582 b)
272 2519 313 2567 De
325 2518 530 2581 propositionibus
548 2520 683 2582 compositos
701 2518 863 2582 hypotheticis.

108 2633 317 2709 Propositione
337 2633 532 2710 hypothetica
551 2651 641 2710 supra
667 2632 794 2691 diximus
824 2629 1037 2708 pronuntiatio·

49 2741 119 2781 nem
134 2723 198 2780 fieri
212 2724 293 2781 circa
306 2722 483 2782 relationem
497 2722 687 2781 exsistentem
701 2722 779 2781 inter
792 2721 867 2779 duas
880 2722 928 2779 vel
938 2721 1037 2796 plures

50 2810 270 2887 propositiones
284 2813 302 2870 ¹.

109 2903 168 2960 Pro
189 2900 358 2961 diversitate
379 2918 451 2961 vero
472 2902 578 2959 harum
600 2898 777 2959 relationum
803 2898 912 2975 triplex
936 2896 1036 2957 distin·

52 2990 146 3065 guitur
165 2990 378 3066 propositionis
399 2988 609 3066 hypotheticae
630 2988 761 3065 species:

113 3098 137 3137 1.
159 3079 326 3155 Propositio
346 3079 540 3155 hypothetica
557 3096 680 3137 conexo:
701 3087 745 3136 est
758 3074 924 3152 propositio
946 3092 1037 3133 enun-

54 3168 126 3227 tians
153 3166 231 3227 inter
259 3168 331 3227 duas
359 3167 580 3245 propositiones
609 3166 754 3225 eiusmodi
782 3163 975 3232 relationem,
1006 3174 1038 3219 ut

114 3344 123 3376 ¹
140 3344 206 3394 Vide
226 3362 302 3410 supra
319 3362 344 3410 p.
363 3358 407 3405 42.
