2350 3700
244 141 283 175 DE
302 140 477 177 FlNALITATE
496 141 678 177 ACTIVITATIS
698 142 863 179 CORPORUM.
995 132 1046 193 363

116 297 265 349 Scholion.
292 289 339 347 Ex
351 288 395 361 iis,
419 306 496 364 quae
511 288 593 347 circa
607 290 763 366 qualitates
777 288 932 349 sensibiles
945 291 1047 349 hucus-

55 394 117 452 que
138 376 370 450 observavimus,
392 377 452 436 iam
473 387 608 453 apparet,
631 397 762 453 quanam
782 379 897 439 ratione
918 379 976 439 sint
997 381 1048 438 ob-

53 467 134 525 iecta
155 466 279 542 propria
299 467 484 526 diversorum
504 486 653 527 sensuum.
688 468 724 527 Id
741 469 830 540 enim,
852 468 935 545 quod
949 468 1047 544 primo

55 567 85 613 et
106 572 163 631 per
184 574 216 614 se
236 555 268 614 in
289 554 361 632 ipsis
381 573 484 615 sensus
504 557 681 633 percipiunt,
703 576 766 615 non
787 566 831 617 est
851 558 962 627 madar,
993 578 1047 633 qua

49 645 261 721 proclamatur,
291 646 345 704 sed
375 664 479 705 eorum
505 648 582 705 ratri>
603 647 759 721 formalis,
788 666 847 723 qua
874 658 941 706 sunt
963 649 1047 706 color

55 735 104 792 vel
132 735 232 806 calor,
263 734 344 794 aliud
371 736 452 811 quid.
494 734 583 795 Circa
610 736 757 795 rationem
784 737 863 795 hanc
891 737 1047 795 formalem

56 824 188 899 proinde
208 842 326 895 sensus,
355 824 471 899 quoties
491 826 546 883 sub
567 825 675 885 debitis
696 836 871 885 exercentur
898 826 1048 885 condicio-

56 913 154 984 nibuS,
176 932 240 972 non
254 913 366 986 fallunt,
388 915 467 973 bene
486 931 559 972 vcro
579 932 679 974 errare
694 925 818 991 possunt
831 916 911 974 circa
925 916 1047 974 modum

55 1003 140 1059 illum
176 1003 395 1078 explicandum.
438 1003 528 1063 Cuius
561 1003 606 1063 rei
637 1004 745 1063 veritas
772 1003 843 1064 inde
873 1005 1047 1080 praesertim

55 1094 171 1162 elucet,
201 1092 298 1166 quod,
321 1092 372 1167 qui
393 1093 497 1151 harum
518 1112 617 1153 rerum
639 1093 811 1169 cognitione
833 1094 960 1153 maxime
981 1105 1048 1153 sunt

55 1180 173 1253 imbuti,
194 1182 243 1240 vel
262 1181 318 1258 ipsi
340 1184 456 1241 firmam
477 1182 558 1242 circa
578 1183 726 1257 originem
745 1183 861 1241 illarum
875 1183 1047 1259 qualitatum

55 1270 239 1329 sententiam
257 1289 321 1329 non
340 1272 461 1331 habent.
500 1273 613 1332 Suntne
634 1271 752 1331 sensilia
773 1274 895 1332 effectus
916 1273 1047 1348 quidam,

54 1359 187 1417 motibus
215 1360 401 1433 vibrationis,
430 1359 509 1433 aliis,
539 1361 571 1419 in
600 1379 632 1420 re
660 1380 807 1437 corporea
827 1362 978 1437 producti,
1008 1382 1048 1421 an

12 1515 13 1520 η
55 1459 157 1506 motus
177 1448 234 1521 illi,
264 1460 384 1522 contra,
413 1450 547 1509 oriuntur
566 1469 604 1509 ex
624 1450 786 1509 mutatione
808 1450 839 1509 in
860 1450 1048 1526 qualitatibus

54 1535 247 1596 sensibilibus
268 1537 378 1597 viribus
399 1539 529 1615 physicis
549 1541 598 1598 vel
621 1538 763 1599 chemicis
783 1540 947 1616 producta?
972 1541 1048 1599 haec

55 1627 163 1685 omnia
182 1626 214 1684 in
235 1628 428 1687 contentione
449 1629 547 1686 adhuc
568 1639 636 1687 sunt
656 1628 761 1705 posita.

118 1717 229 1791 Neque
256 1717 295 1775 de
323 1717 417 1775 modo
444 1717 494 1777 hic
514 1736 613 1777 sermo
635 1728 693 1789 est,
722 1736 783 1793 quo
804 1717 959 1794 qualitates
980 1718 1048 1778 illae

55 1804 194 1865 sensibus
215 1806 495 1883 apprehenduntur:
524 1808 563 1867 de
584 1807 642 1868 hac
663 1807 743 1867 enim
771 1827 803 1868 re
831 1808 990 1884 disputatio
1017 1810 1049 1868 fit

57 1896 88 1952 in
111 1896 353 1972 anthropologia.
382 1899 428 1955 Ex
448 1897 535 1955 dictis
555 1915 628 1956 vero
649 1897 709 1956 iam
729 1898 829 1974 colligi
850 1909 948 1974 potest
968 1909 1050 1958 recta

57 1985 173 2043 docere
195 2002 262 2056 eos,
292 1985 344 2061 qui
365 1985 512 2045 rationem
533 1985 709 2046 diversitatis
738 1986 925 2063 qualitativae
953 2007 1049 2046 sensa-

57 2072 175 2132 tionum
196 2084 363 2134 nostrarum
384 2075 493 2152 partim
514 2094 551 2135 ex
572 2094 670 2134 rerum
690 2087 796 2135 natura
812 2075 919 2153 partim
934 2095 971 2136 ex
985 2078 1049 2152 ipsa

57 2180 200 2220 sensuum
230 2163 425 2240 dispositione
456 2175 595 2241 repetunt
609 2167 626 2225 ¹.
669 2164 729 2224 Sed
758 2166 796 2226 de
831 2165 876 2224 his
911 2165 1049 2225 omnibus

13 2248 14 2259 ¹
56 2253 179 2311 uberius
199 2251 231 2309 in
252 2253 491 2330 anthropologia.

466 2423 576 2482 Cnpur
597 2441 638 2483 111.

112 2546 171 2603 DE
192 2547 444 2606 FINALITATE
465 2547 729 2608 ACTIVITATIS
751 2549 994 2609 CORPORUM.

118 2679 233 2729 Thesis.
266 2671 407 2729 Actioitas
426 2679 574 2748 carporum
595 2674 662 2730 talis
682 2679 736 2742 ast,
765 2679 798 2730 at
823 2675 853 2731 in
874 2675 942 2750 ipsis
968 2675 1049 2732 rebus

58 2761 242 2833 anargam'cis
254 2768 396 2836 appareat
406 2761 545 2836 quaedam
550 2763 687 2836 finalitas
700 2764 860 2832 intrinseca,
882 2765 959 2820 aazias
966 2766 1049 2839 prta-

57 2849 161 2923 a‘pium
181 2856 224 2906 est
241 2849 305 2924 ipsa
324 2866 421 2906 rarum
442 2852 560 2908 essentia
580 2852 628 2909 ael
645 2857 760 2910 natura.

122 3006 131 3038 ¹
153 3009 189 3056 «11
202 3009 256 3058 faut
266 3009 332 3058 donc
342 3010 465 3059 chercher
475 3011 538 3060 dans
551 3011 588 3060 les
602 3011 764 3076 dispositions
777 3012 913 3062 naturelles
926 3013 1049 3076 speciales

59 3089 104 3137 des
123 3087 271 3154 puissances
288 3090 427 3150 sensitives‚
447 3091 513 3139 aussi
531 3091 592 3140 bien
611 3108 660 3156 que
679 3093 743 3140 dans
761 3093 786 3140 la
801 3100 888 3140 nature
901 3093 946 3142 des
960 3092 1050 3142 choses

59 3169 213 3219 exterieures
226 3170 251 3217 la
259 3170 344 3219 raison
354 3170 470 3235 supreme
481 3171 513 3220 de
524 3172 548 3220 la
558 3172 677 3220 diversite
686 3172 832 3238 qualitative
842 3172 887 3220 des
897 3174 1049 3223 sensations.

60 3276 93 3282 —
114 3249 140 3298 Si
158 3250 252 3298 banale
271 3267 320 3315 que
339 3258 404 3300 cette
424 3249 573 3300 affirmation
592 3252 677 3316 puisse
695 3251 811 3316 paraitre,
831 3251 880 3300 elle
893 3260 932 3300 est
951 3252 975 3301 le
995 3253 1048 3300 der-

59 3329 115 3378 nier
123 3338 177 3378 mot
187 3330 220 3378 de
230 3330 255 3378 la
263 3331 427 3395 psychologie
438 3333 483 3379 des
496 3332 652 3381 sensations»
668 3329 793 3394 (allercier,
807 3329 922 3393 Psychol.
936 3348 961 3394 p.
979 3329 1047 3393 139).
