2350 3700
325 132 364 167 DE
383 132 573 169 DEFINITIONE
593 132 684 169 enm.

393 307 557 353 Anrrcunns
577 318 608 357 11.

284 419 332 467 DE
352 418 587 468 DEFINITIONE
607 418 718 469 ENTIS.

112 555 129 622 ᾖ
150 573 170 607 1.
204 562 247 609 De
267 560 428 609 definitione
447 560 521 609 entis
539 560 568 608 in
587 574 619 609 se
639 560 701 622 ipso
721 561 895 609 considerati.

75 682 159 740 Notae
186 685 257 741 entis
283 686 378 741 stricte
397 683 514 760 definiri
534 702 591 741 non
606 689 706 757 potest.
750 682 892 741 Definitio
913 682 993 741 enim

26 770 129 845 proprie
149 772 231 830 dicta
251 775 284 829 fit
304 790 358 843 eo,
380 772 472 847 qnod,
494 772 608 845 analysi
629 770 759 830 instituta
778 772 826 829 vel
847 771 992 830 divisione

26 860 210 936 metaphysica
224 863 245 934 ¹,
275 880 322 919 res
343 861 515 920 definienda
535 861 566 919 in
587 879 640 920 sua
661 862 809 919 elementa
829 861 991 931 resolvitur,

26 964 86 1021 qnae
105 950 216 1010 deinde
237 968 349 1025 genere
363 950 501 1026 proximo
515 960 545 1008 et
559 950 727 1008 differentia
741 950 883 1025 specifica
896 948 992 1008 decla·

26 1048 113 1097 rentur.
156 1040 219 1098 Sed
240 1040 316 1098 haec
337 1040 437 1097 omnia
458 1039 539 1097 circa
565 1038 721 1097 notionem
749 1037 825 1097 entis
846 1038 909 1097 fieri
929 1057 991 1096 non

26 1127 135 1199 possunt.

67 1218 134 1275 Non
156 1218 240 1276 enim
260 1228 360 1293 potest
379 1217 463 1276 notio
478 1217 554 1275 entis
574 1217 606 1274 in
620 1219 769 1276 elementa
790 1216 891 1287 dividi,
914 1234 991 1291 quae

27 1307 308 1380 ³mprehensionem
336 1326 419 1365 suam
447 1306 641 1377 constituant,
673 1325 740 1364 cunr
770 1306 807 1363 sit
831 1306 895 1382 ipsa
920 1315 992 1363 nota

26 1320 238 1558 {ripheissima
268 1395 299 1452 in
326 1414 416 1471 qnam
438 1413 542 1454 omnes
570 1394 645 1453 aliae
665 1395 804 1453 notiones
824 1395 927 1452 ultimo
948 1414 992 1453 re·

46 1484 162 1543 ivantur.

27 1565 28 1612 i
66 1575 129 1632 Nec
149 1585 252 1651 potest
272 1574 400 1649 proinde
414 1573 541 1632 inveniri
561 1574 621 1631 ulla
641 1572 718 1644 idea,
741 1591 819 1648 quae
839 1583 990 1647 tamquam

26 1661 199 1722 miversaiior
220 1664 257 1721 sit
275 1663 336 1722 eius
350 1681 444 1737 genus
458 1663 634 1738 proximum,
656 1680 714 1721 nec
728 1664 788 1721 ulla
800 1673 880 1732 nota,
903 1680 989 1736 quae,

26 1759 155 1827 'amquam
187 1753 405 1824 determinanS,
435 1754 519 1828 quasi
548 1752 681 1828 speciem
710 1751 786 1810 entis
816 1750 989 1809 constituat:

27 1854 98 1912 psum
118 1843 204 1902 enim
232 1842 458 1901 determinabile
486 1853 516 1901 et
536 1842 753 1912 determinanS,
783 1859 989 1917 quaecumque

27 1927 166 2004 inguntur,
191 1932 250 1989 iarn
271 1942 338 1990 sunt
359 1951 420 1990 ens.
463 1931 554 1991 Notio
575 1931 651 1990 entis
673 1931 800 2007 proinde
822 1930 920 1989 stricte
941 1930 991 1988 de·

27 2015 80 2076 iniri
99 2040 162 2079 non
187 2031 294 2095 potest.

65 2109 114 2168 Est
122 2110 254 2186 proinde
263 2110 347 2167 notio
357 2109 433 2169 entis
442 2109 614 2185 simpliciter
623 2109 813 2168 declaranda.
836 2109 882 2166 Fit
891 2119 989 2166 autem

27 2213 76 2254 aec
95 2199 263 2258 declaratio
284 2198 407 2257 diversis
428 2198 533 2268 modis,
556 2199 752 2257 communiter
772 2215 845 2257 vero
866 2198 987 2255 dicitur:

28 2285 85 2344 Ens
98 2294 140 2345 est
152 2287 194 2355 td,
215 2288 293 2362 qued
306 2289 418 2345 exsistit
434 2289 482 2345 oel
499 2289 597 2345 saltem
617 2291 749 2346 exsistere
762 2288 902 2363 potest»⁹,
924 2287 987 2345 vel:

28 2374 82 2434 Ens
102 2388 148 2436 est
170 2377 282 2451 aliquid
304 2377 343 2435 ad
364 2377 563 2435 exsistendum
588 2378 771 2448 ordinatum,
800 2378 926 2434 maxime
948 2377 990 2433 in·

28 2467 238 2537 eterminatum‚
254 2465 509 2540 simplicissimum,
525 2467 556 2524 in
571 2485 632 2541 quo
647 2467 747 2524 omnia
758 2466 966 2524 conveniunt.»
979 2467 989 2498 ³

107 2645 126 2713 ξ
144 2662 170 2697 2.
199 2652 242 2698 De
262 2651 424 2700 definitione
444 2652 517 2700 entis
535 2667 585 2714 per
603 2652 693 2714 ipsius
711 2651 880 2714 oppositum.

61 2771 122 2828 Ens
154 2789 379 2846 nonnumquam
403 2772 575 2832 «definitur»
608 2792 663 2850 per
692 2792 776 2832 suum
808 2773 986 2849 oppositmn‚

29 2857 82 2914 uod
103 2870 150 2917 est
170 2859 297 2919 nihilum.
334 2861 393 2919 Sed
415 2872 445 2920 et
464 2863 540 2920 haec
558 2863 692 2922 definitio
712 2873 834 2921 nonest
854 2861 987 2920 definitio

29 2949 122 3021 roprie
144 2948 237 3020 dicta,
263 2949 316 3008 sed
338 2950 411 3008 alius
438 2952 544 3010 modus
568 2970 631 3010 rem
652 2950 781 3011 eandem
802 2951 983 3010 declarandi.

30 3052 105 3107 nrn0,
129 3056 198 3096 cum
217 3039 341 3097 nihilum
362 3041 399 3097 sit
419 3041 561 3098 terminus
581 3042 771 3115 negativus⁴,
793 3040 985 3115 negationem

62 3226 70 3256 ¹
91 3229 133 3278 Cf.
152 3230 216 3296 Log.
235 3249 260 3296 p.
284 3233 330 3282 181
352 3250 388 3298 sq.
449 3231 596 3298 ῃΖίξΙίανα,
616 3237 702 3284 Ontol.
722 3237 738 3284 l.
760 3250 783 3296 2,
804 3253 825 3286 c.
849 3251 870 3297 1,
890 3255 911 3286 a.
936 3252 957 3288 1.

63 3305 73 3335 ⁸
92 3309 132 3357 Cf.
151 3326 226 3374 supra
244 3329 270 3376 p.
289 3326 314 3373 4.
387 3312 398 3342 ⁴
418 3313 456 3361 Cf.
477 3314 574 3377 Logica
593 3331 618 3378 p.
640 3327 680 3371 29.
