2350 3700
150 140 201 201 256
260 152 299 187 DE
318 151 562 189 PROPRIETATIBUS
582 152 667 189 ENTIS
686 152 1035 189 TRANSCENDENTALlBUS.

148 299 262 357 scilicet
275 299 367 357 habet
379 299 516 357 entitates
530 318 644 371 omnes,
667 320 741 375 quas
755 302 868 358 habere
890 301 990 371 debet,
1006 308 1041 357 ut
1056 300 1141 355 finem

149 388 267 462 assequi
288 389 389 463 possit,
411 388 450 445 ad
472 406 562 463 quem
583 399 689 446 natura
710 408 762 446 sua
783 389 920 464 dirigitur
941 384 990 463 (ad
1015 388 1143 445 nutrien-

149 472 246 551 dum),
275 478 368 535 habet
396 495 478 535 suam
508 478 674 535 bonitatem
702 478 872 552 physicam,
903 474 986 552 quod
1015 477 1041 535 si
1070 476 1142 533 desit

149 567 249 641 aliqua
262 584 299 624 ex
312 567 358 624 his
371 566 606 641 perfectionibus
620 566 737 637 debitis,
752 567 811 624 iam
825 585 888 623 non
899 566 1008 624 dieitur
1020 566 1143 641 physice

148 658 254 726 bonus,
276 656 330 714 sed
351 656 452 726 malus,
475 656 529 712 etsi
544 674 672 731 semper,
694 665 802 727 utens,
825 655 1034 731 metaphysice
1050 658 1145 713 bonus

149 755 201 803 est.
236 744 284 802 Sic
306 744 395 802 etiam
416 762 561 812 veranum,
583 754 697 815 utens,
721 744 924 819 metaphysice
945 746 1065 802 bonum
1088 754 1146 813 est,

149 844 181 891 ut
202 833 284 891 cibus
305 835 352 891 vel
372 842 475 908 potus,
505 832 628 908 physice
650 834 760 893 malum
789 844 849 903 est3
877 833 1047 891 formaliter
1075 851 1145 890 vero

151 922 370 980 consideratum
398 929 432 977 ut
453 940 588 979 venenum
616 921 739 997 physice
767 921 880 979 bonum
908 932 968 993 est,
998 923 1024 981 si
1056 922 1145 979 habet

151 1029 257 1069 omnes
278 1010 478 1086 perfectiones
499 1010 655 1085 requisitas
677 1011 819 1068 adfinem
834 1010 952 1081 veneni,
976 1021 1010 1068 ut
1024 1011 1142 1079 veneni,

151 1100 356 1170 obtinendum,
378 1098 396 1157 i.
419 1118 445 1157 e.
467 1099 492 1157 si
512 1100 646 1175 perfecte
668 1098 786 1157 occidit.

211 1188 333 1246 Bonitas
346 1190 463 1245 moralis
483 1199 527 1246 est
541 1188 751 1247 convenientia
773 1188 989 1247 determinatae
1011 1189 1057 1247 rei
1078 1208 1141 1247 cum

152 1278 284 1354 appetitu
305 1277 428 1335 fundata
447 1277 479 1334 in
500 1295 553 1348 eo,
582 1277 665 1352 quod
685 1277 735 1335 illa
755 1296 803 1335 res
830 1277 921 1335 habet
944 1296 1054 1336 omnes
1075 1278 1143 1336 enti-

152 1378 241 1438 tates,
270 1385 374 1424 omues
398 1366 613 1442 perfectiones,
643 1384 716 1441 quas
744 1367 855 1425 habere
881 1367 973 1425 debet
996 1368 1143 1425 secundum

152 1458 321 1529 exegentiam
342 1456 461 1512 olimius
480 1456 596 1528 regulae
615 1456 746 1523 moralis,
770 1457 816 1512 cui
836 1457 968 1513 voluntas
989 1459 1145 1532 appetentis

151 1546 293 1603 subicitur.
336 1544 386 1602 Sic
406 1542 500 1615 actio,
527 1562 587 1618 qua
609 1544 654 1601 fur
675 1545 794 1601 thecam
821 1545 1021 1602 nummariam
1050 1544 1146 1603 divitis

151 1633 247 1710 aperit
267 1633 306 1691 ad
327 1633 503 1707 rapiendam
524 1633 692 1708 pecuniam,
714 1643 821 1705 utens,
843 1634 934 1691 habet
954 1652 1044 1691 suam
1065 1634 1148 1692 boni-

151 1734 242 1781 tatem
272 1721 523 1796 metaphysicam3
553 1732 585 1779 ut
615 1722 680 1779 talis
711 1722 908 1781 determinata
938 1722 1036 1794 acti0,
1071 1724 1151 1781 facta

152 1811 316 1871 secundum
337 1809 517 1886 exigentiam
538 1821 662 1869 naturae
683 1811 768 1869 huius
790 1811 930 1881 actionis,
952 1820 1000 1869 est
1022 1812 1149 1888 physice

153 1903 251 1976 bonag
278 1904 346 1977 quia
372 1920 439 1959 vero
456 1902 500 1976 fit
525 1908 624 1958 contro
650 1903 778 1974 regulam
799 1903 949 1976 moralem,
977 1902 1150 1959 secundum

155 2009 245 2065 quarn
266 2010 284 2047 a
305 1992 455 2047 voluntate
476 1989 570 2047 libera
592 1987 748 2064 dirigenda
769 1999 821 2062 est,
844 2008 906 2047 non
927 2000 971 2047 est
994 1993 1152 2048 moraliter

153 2081 242 2137 bona.
286 2080 414 2150 Contra,
446 2078 523 2136 actio
552 2078 650 2136 divitis
679 2079 838 2153 aperientis
859 2079 976 2136 thecam
1001 2099 1095 2138 suam
1117 2079 1152 2137 ad

154 2168 370 2226 sublevandum
391 2186 571 2242 pauperem,
601 2178 645 2225 est
665 2167 816 2226 moraliter
837 2169 930 2238 bona,
960 2167 1037 2242 quia
1060 2171 1095 2226 fit
1116 2189 1153 2227 se·

154 2257 285 2314 cundum
315 2256 493 2330 exigentiam
515 2257 635 2330 regulae
656 2256 792 2327 moralis,
825 2275 885 2332 qua
905 2256 989 2314 dives
1014 2257 1058 2315 ad
1082 2260 1127 2316 ele

154 2363 310 2418 mosynam
337 2344 526 2402 tribuendam
554 2345 703 2419 obligatur
730 2345 762 2402 in
791 2345 995 2402 determinatis
1028 2347 1153 2404 circum·

155 2434 283 2505 stantiis,
305 2434 324 2491 i.
347 2452 373 2492 e.
394 2435 486 2492 habet
506 2433 643 2492 entitates
663 2433 742 2505 illas,
765 2452 839 2509 quas
860 2435 971 2492 habere
995 2435 1105 2505 debet,
1127 2447 1153 2492 ut

155 2524 195 2581 ad
209 2526 299 2582 finem
315 2523 478 2599 perveniat,
494 2523 533 2580 ad
544 2541 634 2598 quem
648 2525 783 2581 voluntas
797 2523 892 2582 libera
906 2523 1038 2582 tendere
1055 2525 1152 2584 debet.

216 2615 253 2671 II.
276 2613 352 2670 Cum
373 2611 515 2670 bonitatis
535 2612 756 2687 metaphysicae
778 2613 1007 2670 fundamentum
1031 2614 1073 2671 sit
1095 2632 1151 2683 ens,

155 2703 252 2778 ipsum
273 2719 346 2760 vero
367 2719 421 2759 ens
441 2700 478 2758 sit
498 2711 548 2758 aut
568 2720 587 2758 a
608 2719 639 2759 se
661 2712 710 2759 aut
724 2703 762 2760 ab
781 2701 849 2773 alio,
871 2701 1043 2759 bonitatem
1068 2713 1152 2760 meta-

155 2792 309 2867 physicam
330 2789 466 2847 dividunt
486 2789 516 2847 in
532 2789 697 2848 bonitatem
719 2809 782 2848 ase
801 2801 831 2848 et
844 2790 1013 2848 bonitatem
1030 2793 1074 2849 ab
1090 2794 1151 2849 alio.

215 2881 340 2937 Bonitas
367 2899 386 2935 a
421 2897 449 2935 se
479 2889 523 2936 est
559 2878 635 2936 entis
670 2898 737 2937 cum
773 2879 906 2955 appetitu
936 2880 1151 2939 convenientia

157 2969 279 3026 fundata
300 2967 330 3024 in
352 2985 425 3038 esse,
450 2966 531 3041 quod
553 2987 571 3024 a
591 2969 673 3026 nullo
687 2969 745 3026 alio
767 2968 912 3044 procedit,
935 2969 989 3026 sed
1014 2981 1066 3028 est
1088 2990 1107 3027 a
1126 2987 1151 3026 se

156 3058 232 3130 ips0.
274 3055 354 3112 Talis
375 3066 420 3112 est
440 3056 558 3112 bonitas
579 3057 646 3114 Dei.

216 3143 340 3197 Bonitas
360 3143 396 3196 ab
422 3143 479 3198 alio
499 3144 546 3200 vel
568 3142 686 3201 bonitas
707 3147 887 3221 participata
914 3155 959 3204 est
978 3147 1063 3206 entis
1089 3167 1149 3206 cum

157 3227 289 3298 appetitu
310 3229 519 3285 convenientia
534 3230 656 3287 fundata
677 3233 708 3289 in
727 3251 792 3291 esse
813 3234 1003 3309 participato,
1029 3237 1050 3294 i.
1077 3255 1103 3295 e.
1120 3237 1150 3292 ab

158 3311 216 3365 alio
237 3321 370 3383 accepto.
412 3315 493 3371 Talis
514 3326 558 3372 est
579 3317 697 3376 bonitas
719 3331 920 3380 creaturarum
942 3323 1097 3382 omnium.
