2350 3700
21 1513 27 1532 t

18 2018 24 2105 t

15 2200 22 2260 ἱ

322 177 360 212 DE
379 175 603 213 DlVISIBILITATE
622 174 824 221 QUANTITATIS.

76 1184 190 1249 partes,
219 1186 293 1251 quot
320 1176 418 1235 lineae
445 1188 544 1235 rectae
572 1196 591 1233 a
618 1187 732 1253 puncto
757 1176 840 1235 Cad
867 1178 978 1237 lineam
998 1178 1064 1235 AB

76 1264 201 1338 perduci
230 1275 362 1341 possunt.
404 1267 497 1341 Atqui
526 1266 717 1325 manifestum
744 1275 789 1325 est
815 1267 925 1325 lineam
946 1268 1013 1325 AB
1032 1267 1063 1325 in

74 1352 262 1413 indefinitum
282 1355 385 1431 augeri
405 1373 503 1431 posse.
545 1355 677 1414 Proinde
701 1353 874 1414 indefinitae
902 1356 942 1414 ad
968 1357 1063 1432 ipsam

73 1443 172 1502 lineae
194 1444 320 1519 produci
341 1454 472 1521 possunt.
515 1447 598 1520 Ergo
623 1446 702 1503 linea
722 1446 793 1503 ML
820 1444 851 1503 iu
879 1445 1063 1504 indefinitum

73 1532 231 1591 divisibilis
250 1544 303 1593 est.

19 1698 23 1712 ἶ
134 1653 161 1691 2.
187 1632 267 1691 Sicut
287 1642 386 1691 autem
407 1634 554 1708 quantitas
574 1643 642 1692 actu
656 1633 770 1692 infinite
784 1652 894 1709 magna
908 1642 1062 1709 repugnat,

19 1716 22 1788 J
72 1721 111 1779 ita
136 1722 231 1780 etiam
258 1722 405 1797 quantitas
434 1732 503 1781 actu
529 1722 643 1781 infinite
671 1742 764 1798 parva
785 1740 850 1781 esse
871 1740 933 1781 non
955 1731 1062 1798 potest,

70 1810 102 1869 id
132 1811 219 1888 quod
248 1829 284 1871 ex
312 1812 421 1872 eodem
447 1822 624 1888 argumento
651 1812 836 1888 geometrico
863 1822 1003 1888 apparet,
1034 1820 1064 1870 et

71 1901 203 1976 proinde
224 1921 273 1959 nec
290 1903 390 1961 trivisti)
403 1909 467 1959 actu
479 1903 595 1978 infinita
609 1903 726 1961 alicuius
740 1904 865 1978 corporat
877 1902 1066 1959 mathematici

71 1991 189 2048 admitti
200 1999 300 2066 potest.
330 1994 488 2050 Praeterea
509 2010 546 2050 ex
566 1992 617 2049 tali
638 1991 784 2050 divisione
805 1992 995 2050 induceretur
1012 2009 1063 2048 nu·

18 2090 23 2100 ’“
70 2098 172 2140 merus
192 2081 321 2140 infinitus
341 2091 417 2153 actu,
440 2099 531 2156 quem
551 2080 660 2139 rationi
681 2099 848 2157 repugnare
869 2079 1004 2138 vidimus.

131 2181 172 2237 II.
203 2179 320 2254 Corpus
340 2190 440 2238 autern
460 2180 594 2238 notrcrale
614 2197 672 2238 nec
692 2180 826 2255 potentia
852 2197 911 2238 nec
939 2189 1006 2237 actu
1031 2178 1062 2236 in

16 2267 21 2276 '
69 2266 221 2326 infinitum
248 2267 341 2327 dividi
368 2279 474 2343 potest.
516 2267 589 2328 Non
616 2277 696 2338 actu,
724 2279 847 2344 propter
875 2269 996 2326 easdem
1019 2287 1062 2325 ra-

68 2357 186 2428 tiones,
218 2358 324 2432 quibus
344 2357 522 2418 divisionem
543 2368 611 2416 actu
631 2358 776 2416 infinitam
797 2357 931 2432 corporis
952 2356 1062 2416 mathe·

68 2446 174 2504 matici
194 2445 409 2521 impossibilem
430 2464 494 2506 esse
515 2446 715 2521 ostendimus3
743 2466 799 2504 non
818 2447 962 2521 potentio,
992 2447 1061 2520 quia

15 2569 19 2574 =
67 2535 137 2593 talis
159 2535 281 2606 divisio,
311 2535 365 2595 etsi
386 2536 500 2594 ratione
521 2535 692 2612 quantitatis
712 2536 776 2594 fieri
804 2545 917 2612 potest,
946 2535 1061 2594 ratione

67 2633 175 2682 tamen
202 2624 339 2699 specialis
367 2634 491 2684 naturae
517 2625 603 2684 huius
631 2625 765 2700 corporis
793 2623 983 2700 impossibilis
1008 2635 1059 2683 est.
1165 2701 1166 2706 η

67 2713 266 2788 Experientia
287 2715 368 2772 enim
389 2723 471 2786 teste,
493 2715 524 2771 in
545 2713 628 2772 omni
650 2731 777 2790 corpore
799 2713 954 2771 minimum
969 2713 1062 2788 quod·

67 2802 142 2860 dam
164 2803 336 2876 quantitatis
357 2803 522 2878 requiritur,
544 2805 621 2862 ultra
642 2803 724 2880 quod
740 2802 845 2861 divisio
859 2802 986 2879 produci
999 2812 1061 2860 non

66 2900 179 2966 potest,
202 2891 274 2965 quin
295 2910 403 2968 corpus
425 2902 537 2968 pereat.

131 2982 169 3037 In
190 2981 272 3038 omni
292 2980 420 3056 proinde
442 2981 588 3040 divisione
610 2981 744 3057 corporis
772 2981 893 3040 alicuius
921 2981 1061 3040 naturalis

65 3065 175 3126 ultimo
190 3068 410 3129 deveniendum
424 3081 468 3129 est
482 3071 521 3129 ad
534 3080 652 3146 partem
661 3071 880 3142 indivisibilem,
897 3069 951 3129 sed
959 3079 1061 3128 tamen

65 3168 236 3216 extensam.
