2350 3700
521 146 750 185 CRITERIOLOGIA.

521 314 687 361 Auricunus
707 326 744 363 w.

426 426 475 475 DE
493 427 835 477 TRADITIONALISMO.

470 563 488 630 ξ
510 580 531 617 1.
563 568 634 617 Eius
653 570 796 631 expositio.

1155 621 1157 648 l

1155 652 1157 678 Ι

207 692 476 748 Traditionalzrmus
496 701 541 749 est
561 691 709 750 sententia
728 709 840 762 eorum,
865 690 916 766 qui
931 692 993 749 vim
1008 688 1129 747 rationis
1155 685 1157 760 j

141 780 289 838 humanae
318 780 443 837 nimium
474 780 676 856 deprimentes
706 780 848 839 motivum
877 777 1067 839 certitudinis
1096 797 1129 836 ex
1155 768 1157 828 l

141 872 308 927 auctoretate
335 870 552 928 desumendum
583 888 647 928 esse
675 870 794 929 docent.
844 868 935 929 Cuius
965 867 1129 927 sententiae
1155 912 1157 918 .

141 958 275 1017 diversae
306 958 446 1033 distingui
477 969 599 1034 possunt
628 958 743 1034 species
779 978 836 1034 pro
866 957 991 1017 diversis
1022 956 1119 1015 modis

142 1048 248 1123 quibus
268 1066 333 1106 rem
354 1048 511 1124 explicant.
554 1050 608 1106 Est
628 1048 723 1106 enim:

201 1139 223 1195 I.
252 1136 420 1206 Fallet'smus,
444 1136 525 1195 cuius
545 1147 702 1213 parentem
722 1137 879 1195 nominant
899 1137 1040 1194 Huetium
1052 1138 1069 1193 ¹.

142 1333 279 1393 decouvrit,
300 1332 416 1381 n'etait-il
436 1349 482 1396 pas
501 1332 696 1396 profonde'ment
708 1333 828 1396 croyantl
848 1357 881 1365 —
895 1330 1010 1396 Lorsque
1023 1331 1125 1395 Ke'pler,

142 1416 215 1478 apres
235 1414 344 1477 dix-sept
363 1412 457 1461 anue'es
477 1413 508 1461 de
527 1412 622 1471 travail,
643 1412 724 1460 arriva
742 1408 757 1459 it
774 1412 799 1459 la
817 1411 1000 1460 connaissance
1020 1412 1065 1459 des
1081 1410 1126 1457 lois

142 1510 184 1541 sur
202 1493 338 1557 lesquelles
357 1492 467 1541 Newton
487 1493 571 1541 devait
589 1493 680 1540 sunder
698 1492 796 1540 ensuite
814 1491 839 1539 la
857 1492 891 1540 loi
917 1492 950 1539 de
974 1491 999 1539 la
1024 1492 1126 1555 gravita-

143 1574 208 1635 ti0n‚
238 1574 301 1622 fut-il
327 1590 373 1638 par
391 1574 483 1621 hasard
503 1573 571 1621 tente'
591 1574 623 1621 de
649 1573 761 1621 deserter
786 1590 814 1621 sa
838 1573 873 1620 foi
898 1588 964 1637 pour
987 1572 1126 1621 embrasser
1155 1579 1156 1582 ’

141 1670 191 1702 une
215 1654 375 1718 philosophie
398 1654 522 1720 positive?
560 1654 603 1701 Au
628 1652 765 1712 contraire,
791 1652 817 1699 la
841 1653 942 1701 science
967 1652 1062 1700 inclina
1082 1667 1124 1698 son

141 1735 217 1799 genie
236 1735 329 1782 devant
341 1733 415 1794 Dieu,
436 1742 461 1782 et
478 1734 513 1782 lui
532 1733 600 1783 dicta
618 1742 684 1783 cette
702 1733 805 1783 humble
823 1733 921 1798 priere:
941 1732 1047 1792 ,Graces
1065 1747 1123 1780 vous

140 1815 224 1865 soient
241 1815 356 1874 rendues,
377 1812 392 1863 ὃ
405 1813 496 1864 Maitre
509 1814 554 1864 des
568 1814 701 1874 creatureS,
721 1814 756 1862 du
768 1814 885 1862 bonheur
896 1829 946 1879 que
958 1829 1022 1862 vous
1035 1812 1123 1860 m’avez
1155 1870 1156 1875 ¹

140 1897 255 1961 procure.
290 1895 338 1958 J’ai
364 1895 433 1944 enfin
452 1895 558 1944 termine
584 1911 644 1942 mon
669 1911 762 1944 oeuvre.
797 1895 838 1959 J'y
863 1895 885 1942 ai
911 1895 958 1942 mis
983 1902 1067 1942 toutes
1091 1893 1124 1940 les

140 1977 223 2025 forces
242 1976 274 2024 de
293 1991 352 2023 mon
372 1978 436 2024 ame.
467 1976 563 2024 Autant
582 1974 643 2039 qu’il
662 1992 678 2022 a
696 1975 816 2039 dependu
834 1976 867 2022 de
885 1991 927 2022 ma
944 1974 1070 2033 saiblesse,
1086 1972 1124 2036 j’ai
1155 2006 1156 2009 η

141 2056 214 2104 tache
234 2056 266 2104 de
285 2056 429 2104 manifestet
446 2063 517 2103 votre
536 2056 617 2120 gloire
643 2072 691 2103 aux
715 2071 780 2117 yeux
805 2055 851 2104 des
876 2056 999 2103 hommes.
1034 2055 1065 2118 Je
1089 2069 1123 2100 me

140 2137 192 2184 suis
212 2137 322 2200 toujours
341 2136 433 2184 efforce
453 2136 485 2184 de
507 2136 640 2184 raisonner
661 2151 722 2184 avec
747 2151 863 2200 sagesse;
889 2136 951 2184 mais
975 2135 995 2182 si
1020 2135 1123 2199 quelque

140 2217 217 2265 chose
237 2217 369 2281 d'indigne
389 2216 420 2264 de
438 2232 501 2264 vous
520 2215 594 2265 m’est
611 2216 741 2280 echappe‚
765 2212 781 2263 ὲ
798 2215 849 2264 moi
868 2217 911 2280 qui
931 2231 963 2264 ne
982 2215 1035 2263 suis
1054 2214 1123 2279 qu¹uu

140 2314 184 2346 ver
203 2297 235 2346 de
254 2305 333 2356 terre,
361 2297 393 2344 ne
413 2305 439 2345 et
456 2297 541 2345 nourri
560 2297 624 2345 dans
642 2297 667 2344 la
685 2297 760 2360 sange
779 2297 814 2344 du
831 2296 929 2360 peche;
955 2296 977 2344 si
995 2296 1021 2344 la
1039 2293 1123 2344 beaute

140 2377 277 2426 admirable
296 2378 329 2426 de
347 2393 392 2425 vos
411 2392 509 2425 oeuvres
527 2378 577 2424 m'a
596 2377 759 2441 enorgueilli3
778 2377 800 2425 si
816 2376 860 2441 j’ai
879 2376 990 2426 cherche'
1009 2376 1035 2424 la
1051 2375 1123 2440 gloire

140 2458 181 2522 qui
200 2458 270 2506 vient
288 2458 333 2505 des
352 2458 479 2516 hommes;
500 2457 678 2516 eclairez-moi,
698 2455 714 2506 ὃ
733 2473 793 2506 mon
811 2457 889 2516 Dieu,
909 2456 960 2504 alin
979 2473 1030 2521 que
1046 2458 1072 2520 je
1089 2470 1123 2502 me

140 2539 246 2603 corrige.
284 2538 399 2586 Pendant
417 2553 466 2602 que
482 2537 605 2601 j’elabore
624 2553 675 2586 une
699 2554 786 2586 oeuvre
811 2537 926 2586 destinee
952 2533 968 2584 ὲ
989 2552 1054 2585 vous
1078 2535 1123 2600 glo
1155 2570 1157 2603 q

139 2619 214 2679 rifier‚
233 2618 449 2683 pardonnez-moi,
470 2617 594 2681 Seigneur
611 2618 664 2666 bon
682 2626 708 2667 et
726 2618 938 2676 misericordieux,
958 2625 984 2666 et
998 2617 1123 2666 accordez·
1155 2650 1156 2661 .

140 2699 189 2747 moi
208 2714 257 2763 que
276 2714 335 2746 mon
355 2697 441 2745 travail
460 2698 509 2745 soit
528 2697 662 2761 profitable
680 2714 745 2762 pour
762 2705 834 2747 votre
857 2697 939 2762 gloire
964 2705 991 2746 et
1016 2697 1041 2746 le
1066 2695 1123 2746 salut
1155 2716 1156 2765 q

140 2780 185 2828 des
198 2779 289 2828 ames‘»
307 2775 425 2842 (Kepleri
438 2793 516 2842 opera
528 2779 620 2838 omnia,
635 2778 674 2826 ed.
688 2779 778 2826 Frisclr
793 2778 868 2838 1884,
885 2795 911 2842 p.
926 2774 1001 2841 323).
1024 2778 1123 2827 Mera'er
1155 2808 1156 2815 .

138 2860 154 2908 l.
175 2875 195 2908 c.
218 2876 243 2924 p.
265 2868 324 2921 275.

202 2937 350 2999 1Huetius,
377 2938 512 3003 episcopus
531 2938 687 2988 abrincensis
707 2935 894 3001 (Avranches),
914 2956 936 2988 a.
960 2937 1029 3000 1630
1049 2946 1121 2993 natus,
1155 2926 1156 2959 ³

143 3029 206 3078 1721
230 3020 345 3068 decessit.
372 3018 525 3066 Fideismum
544 3019 655 3066 suumin
674 3019 738 3067 libro
751 3019 875 3083 exposuit,
895 3018 936 3067 cui
950 3019 1052 3068 titulus:
1075 3018 1122 3065 «De
1155 3044 1156 3069 ;

140 3099 313 3146 imbecillitate
340 3099 430 3146 mentis
451 3098 602 3147 humanae».
638 3100 708 3147 Inter
729 3099 778 3146 alia
800 3100 833 3146 ab
858 3100 915 3163 ipso
937 3098 998 3146 satis
1020 3099 1121 3148 obscure

141 3177 284 3238 conscripta
302 3177 364 3224 haec
383 3177 477 3224 habes:
501 3177 576 3224 «Dixi
595 3187 693 3227 exstare
711 3179 738 3226 in
756 3179 833 3228 rebus
852 3179 964 3243 speciem
981 3179 1038 3227 veri
1055 3194 1122 3244 quam
1155 3218 1156 3221 ,

141 3269 300 3316 sequamur..
316 3289 342 3301 ..
380 3255 414 3302 At
433 3256 530 3317 species
548 3258 602 3304 veri
621 3273 672 3306 non
691 3266 730 3306 est
748 3267 817 3306 certa
836 3268 897 3307 nota
913 3259 982 3318 veri,
1008 3275 1060 3323 qua
1076 3260 1123 3307 visa

141 3332 247 3378 sciamus
266 3346 352 3378 verum
371 3331 397 3378 id
416 3349 478 3391 esse,
499 3334 539 3381 cui
558 3335 601 3383 illa
619 3338 748 3386 inhaeret:
768 3340 813 3386 sed
832 3348 936 3388 externa
954 3339 1042 3404 aliqua
1055 3338 1122 3404 signi-
