2350 3700
433 116 471 153 or
490 115 689 154 ooouarrsuo.
1002 114 1052 166 127

109 254 143 335 b)
167 262 270 335 Quod
291 264 316 323 si
340 264 526 323 contendunt
553 264 754 323 differentiam
781 264 863 323 illam
884 264 915 321 in
937 265 966 322 vi
985 281 1054 340 pro·

46 350 143 409 bandi
165 371 237 411 non
259 354 330 411 oriri
352 372 388 412 ex
409 364 513 412 natura
533 353 728 429 operationis,
757 372 848 429 quam
868 353 1001 412 elicimus
1021 354 1053 412 in

44 438 178 499 diversis
200 442 251 501 his
273 442 399 514 casibus,
422 443 476 501 sed
496 461 533 501 ex
554 461 592 501 eo
613 443 711 519 quod,
739 443 921 503 revelatione
942 441 1050 512 habita,

44 546 81 585 ex
109 532 302 591 auctoritate
329 532 456 591 sciamus
483 532 769 591 demonstrationem
796 543 928 592 nostram
948 540 1052 590 rectam

43 636 120 691 esse,
138 639 217 679 cum
234 633 305 681 ante
319 620 532 681 revelationem
547 622 756 681 certitudinem
768 623 825 681 hac
839 622 879 681 de
892 640 926 681 re
939 622 1051 681 habere

42 727 108 766 non
130 711 344 785 potuerimuS,
373 722 444 769 tunc
472 709 609 769 incidunt
636 710 668 768 in
695 711 917 787 scepticismum
937 722 967 769 et
987 711 1052 787 ipsa

43 816 98 855 sua
119 800 331 859 fundamenta
352 810 494 860 evertunt.

108 888 407 965 Confirmatnrhaec
416 890 554 948 refutatio
569 908 606 948 ex
615 892 782 948 anctoritate
792 891 943 958 Ecclesiae,
959 909 1050 965 quam

46 977 185 1036 fautores
217 979 306 1037 huius
330 978 495 1038 sententiae
523 997 669 1037 erroneae
696 979 862 1054 generatim
883 979 1049 1038 admittunt.

107 1067 292 1127 Concilium
319 1068 400 1127 enim
420 1069 598 1138 Vaticanum,
627 1087 696 1127 sess.
719 1088 747 1142 3,
776 1088 802 1127 c.
825 1089 843 1140 4
872 1070 920 1127 De
940 1069 999 1127 fide
1020 1079 1051 1127 et

13 1172 22 1185 s
50 1156 188 1229 ratione,
221 1158 302 1217 inter
328 1159 385 1216 alia
413 1157 546 1218 declarat
566 1166 671 1215 rectam
691 1161 829 1216 rationem
848 1159 925 1233 fidei
938 1158 1050 1232 funda·

51 1254 146 1303 menta
169 1246 379 1316 demonstrare,
401 1256 432 1305 et
452 1247 533 1305 circa
558 1246 726 1306 doctrinam
746 1247 828 1305 illam
848 1249 929 1305 hunc
951 1246 1050 1305 statuit

51 1352 223 1395 canonem:
249 1336 302 1394 «Si
312 1340 376 1412 quis
388 1338 503 1408 dixerit,
519 1338 617 1395 Deum
630 1356 717 1394 unum
731 1344 759 1393 et
773 1355 880 1406 aerum,
895 1345 1049 1395 creatorem

52 1432 76 1479 et
94 1426 250 1483 dominum
270 1434 407 1495 nostrum,
423 1434 481 1502 per
501 1446 543 1495 aa,
564 1445 637 1501 quac
651 1426 738 1500 sacta
756 1433 831 1495 sunt,
852 1428 984 1484 naturali
1003 1446 1049 1483 ra-

52 1516 136 1572 tionis
158 1517 307 1573 humanae
326 1517 431 1573 lnnn'ne
451 1532 528 1574 certo
548 1516 693 1590 cognosci
713 1533 776 1573 non
804 1530 908 1590 posse:
939 1517 974 1573 A.
998 1517 1045 1573 S.»

111 1604 212 1663 Sacra
240 1623 313 1664 vero
335 1604 539 1680 Congregatio
568 1604 691 1676 Indicis,
718 1604 905 1681 approbante
927 1604 980 1662 Pio
995 1606 1046 1675 IX,

53 1711 136 1751 anno
151 1697 240 1770 1855,
255 1695 406 1769 Bonnetty
415 1702 574 1769 sequentes
584 1693 805 1769 propositiones
819 1693 1048 1753 subscribendas

54 1784 234 1859 proposuit:

120 1895 146 1932 1.
162 1873 367 1932 Ratiocinatio
377 1873 435 1933 Dei
446 1873 655 1945 exsistentiam,
671 1874 789 1932 animae
804 1873 1046 1949 spiritualitatem,

55 1962 188 2021 hominis
210 1963 379 2022 libertatem
400 1981 468 2021 cum
490 1963 667 2022 certitudine
687 1964 817 2038 probare
838 1973 943 2038 potest.

90 2125 92 2127 ι
119 2073 147 2109 2.
170 2052 261 2111 Fides
282 2052 429 2127 posterior
449 2062 494 2110 est
507 2052 698 2123 revelatione,
720 2051 907 2129 proindeque
929 2053 968 2110 ad
982 2072 1048 2128 pro·

57 2140 191 2200 bandam
219 2139 276 2200 Dei
297 2141 496 2200 exsistentiam
518 2151 623 2200 contra
648 2142 767 2212 atheos,
796 2142 836 2200 ad
859 2141 1048 2216 probandam

59 2230 177 2289 animae
218 2230 370 2289 rationalis
404 2230 639 2306 spiritualitatem
679 2240 708 2289 et
742 2231 908 2289 libertatem
942 2240 1047 2289 contra

58 2320 242 2378 naturalismi
270 2339 306 2379 ac
334 2319 471 2378 fatalismi
501 2329 663 2379 sectatores
691 2320 812 2396 allegari
834 2320 1048 2378 convenienter

59 2425 118 2466 non
142 2419 251 2485 potest.

13 2499 21 2534 ²
118 2517 146 2572 3.
168 2498 308 2556 Rationis
329 2516 397 2557 usus
418 2500 508 2558 fidem
529 2499 693 2574 praecedit,
715 2509 746 2557 et
766 2499 806 2556 ad
826 2517 901 2571 eam,
924 2517 983 2575 ope
1003 2517 1048 2558 re·

58 2587 214 2646 velationis
235 2597 265 2646 et
286 2587 407 2662 gratiae,
431 2588 580 2647 conducit.

446 2755 612 2802 Anrrcunus
633 2768 660 2803 v.

381 2867 428 2916 DE
448 2867 689 2917 DOGMATISMO
703 2867 719 2919 ¹.

118 2981 324 3058 Dogmatistae
347 2999 422 3057 quos
443 2993 552 3041 vocant
582 2983 788 3056 quaestionem
810 2983 848 3044 de
877 2984 1047 3042 exsistentia

12 3109 24 3126 t
65 3085 90 3130 et
110 3073 148 3130 de
169 3072 368 3130 fundamento
396 3071 580 3130 certitudinis
601 3072 644 3130 sic
665 3083 781 3148 ponunt
808 3083 898 3148 atque
919 3075 1045 3132 solvunt.

119 3230 341 3296 ¹Dogmatismus
366 3239 403 3280 est
426 3231 549 3280 sententia
572 3232 688 3284 Scholae.
725 3234 900 3298 Dogmatistae
923 3243 1006 3283 autem
1032 3251 1048 3282 a

68 3313 285 3377 «dogmatizando»
308 3312 421 3372 dicimur,
443 3311 501 3375 quia
519 3313 671 3376 scepticismi
689 3322 714 3361 et
732 3313 789 3361 falsi
809 3313 936 3363 criticismi
954 3313 1047 3376 placita
