2350 3700
192 189 408 241 PROLEGOMENA
428 203 459 242 IN
479 203 649 242 UNIVERSAM
670 203 893 243 PHILOSOPHUM.
1019 203 1033 258 5

108 373 132 410 1.
154 361 187 409 ut
208 351 283 410 sciat
303 352 383 410 bene
403 351 445 410 uti
465 352 580 411 ratione
603 353 643 411 ad
663 353 908 428 cognoscendum
921 372 1034 425 verum,

40 441 127 516 quod
148 443 181 498 fit
202 459 258 517 per
278 440 424 516 logicam3

106 551 132 588 2.
154 541 186 588 ut
201 541 365 606 cognoscat
374 529 457 589 ideas
467 540 497 589 et
506 529 645 589 veritates
654 530 892 590 fundamentales
902 531 1035 590 omnium

39 621 169 678 aliarum
190 619 325 679 idearum
346 629 376 678 et
396 620 565 689 veritatum,
598 638 652 679 ens
672 619 785 678 scilicet
806 631 836 679 et
862 637 940 695 quae
965 639 1036 680 con·

40 717 210 784 sequuntur
230 709 336 784 ipsum,
358 719 388 767 et
407 708 468 767 hoc
488 709 521 767 fit
540 726 596 784 per
616 709 817 784 ontologiam3

106 817 134 872 3.
166 806 199 855 ut
220 797 382 874 praecipua
402 815 524 873 quoque
546 798 627 857 entia
647 809 825 874 cognoscat,
847 798 887 856 ad
909 815 1035 874 quorum

42 885 335 962 contemplationem
355 887 446 945 homo
468 887 597 945 maxime
618 897 662 946 est
682 897 776 959 natus,
798 887 816 945 i.
838 905 864 946 e.

105 971 134 1050 a)
156 986 295 1034 naturam
316 985 346 1034 et
364 974 545 1034 universales
568 977 650 1051 leges
677 975 796 1048 mundi,
824 975 895 1035 inde
922 992 1036 1034 cosmo

43 1067 143 1141 logia3

106 1149 138 1229 b)
161 1173 193 1214 se
215 1155 320 1229 ipsum,
341 1153 412 1213 inde
434 1154 680 1230 anthropologia3

107 1237 136 1320 c)
159 1245 267 1315 Deum,
289 1243 328 1301 de
351 1261 411 1318 quo
432 1242 549 1302 disserit
568 1242 762 1316 theodicaea3

107 1353 135 1405 4.
159 1332 291 1407 denique
312 1342 343 1390 ut
364 1332 436 1392 sciat
454 1331 545 1390 vitam
564 1331 740 1392 rationalem
757 1331 921 1392 secundum
936 1332 1035 1408 cogni·

44 1424 145 1482 tiones
166 1420 231 1480 illas
251 1431 332 1479 recte
353 1421 514 1493 instituere,
536 1422 618 1496 quod
639 1423 671 1479 fit
691 1439 745 1497 per
766 1420 903 1480 ethicam.

107 1511 244 1568 Partium
264 1510 414 1567 orainatzo.

112 1621 138 1658 1.
171 1600 201 1658 Si
231 1609 367 1674 ageretur
396 1599 435 1658 de
466 1599 641 1658 ordinandis
670 1599 801 1676 partibus
829 1599 1035 1674 philosophiae

45 1689 199 1748 secundum
225 1689 388 1762 dignitatem
413 1687 597 1764 singulorum
618 1689 817 1760 obiectorum,
849 1688 913 1747 sine
942 1688 1035 1746 dubio

45 1778 256 1855 incipiendum
271 1788 349 1836 esset
362 1797 380 1834 a
394 1778 579 1852 theodicaea,
602 1779 683 1837 cuius
697 1777 855 1848 obiectum,
878 1779 968 1848 Deus,
991 1787 1036 1836 est

46 1880 132 1934 certe
155 1866 447 1944 praestantissimum.

111 1978 137 2015 2.
170 1957 230 2015 Sed
260 1956 355 2032 agitur
383 1956 433 2014 hic
462 1957 501 2016 de
529 1957 636 2016 ordine
663 1956 844 2017 instituendo
872 1957 1036 2016 secundum

44 2049 141 2123 leges
164 2063 242 2121 quae
263 2056 370 2120 regtmt
389 2056 521 2105 mentem
541 2048 702 2105 humanam
720 2046 750 2104 in
765 2044 923 2122 disciplina
937 2046 1037 2121 aliqua

45 2136 226 2194 addiscenda.
269 2134 338 2207 Qua
366 2134 398 2192 in
427 2154 459 2195 re
489 2136 565 2194 haec
595 2137 655 2195 duo
684 2136 832 2212 principia
866 2146 932 2194 sunt
967 2154 1036 2193 con·

46 2223 196 2283 cilianda:

109 2306 139 2389 a)
169 2316 205 2371 In
226 2312 389 2388 disciplinis
414 2313 566 2373 tradendis
595 2314 782 2390 cognitiones
809 2333 911 2373 earum
938 2332 1036 2372 rerum

46 2414 117 2463 sunt
138 2403 240 2478 priore
261 2403 329 2461 loco
356 2403 541 2462 evolvendae
569 2414 600 2462 et
626 2403 835 2475 stabiliendae,
867 2422 945 2479 quae
973 2402 1036 2459 aliis

45 2492 222 2551 necessario
242 2503 528 2567 praesupponuntur.

108 2576 142 2655 b)
174 2582 262 2639 Salvo
283 2582 383 2657 priore
403 2582 567 2657 principio,
599 2582 629 2640 in
651 2582 814 2658 disciplinis
841 2581 993 2640 tradendis
1018 2600 1037 2637 a

48 2670 234 2730 facilioribus
254 2680 298 2729 est
319 2670 532 2746 incipiendum.

111 2763 196 2817 quta
216 2759 291 2818 haec
312 2760 371 2818 duo
387 2759 534 2836 principia
547 2760 589 2819 sic
604 2760 691 2835 igitur
704 2759 958 2836 progrediendum
973 2777 1037 2817 esse

47 2850 184 2908 videtur:

112 2938 213 2995 Primo
243 2938 310 2997 loco
340 2937 461 3013 ponitur
488 2938 601 3014 logica:
639 2938 695 2997 nisi
732 2937 813 2997 enim
841 2938 934 2995 homo
964 2937 1039 2995 sciat

49 3029 131 3085 bene
159 3026 203 3084 uti
228 3026 394 3099 intellectu,
424 3028 529 3087 frustra
556 3026 684 3086 studium
711 3025 916 3086 altissimarum
940 3043 1038 3084 rerum

51 3115 185 3191 suscipit.

9 3242 10 3247 κ
88 3211 90 3214 ’
113 3202 235 3262 Deinde
256 3204 402 3263 tradenda
424 3204 479 3263 erit
493 3206 656 3280 ontologia‚
678 3204 748 3278 quia
761 3205 886 3279 praebet
899 3202 1038 3260 notiones

51 3293 182 3361 maxime
212 3294 382 3367 generales,
414 3311 491 3367 quae
521 3293 552 3349 in
581 3292 645 3350 aliis
672 3292 843 3349 tractatibus
869 3290 1038 3347 intellectae

10 3366 15 3443 l
51 3391 345 3471 praesupponuntur.

13 3499 75 3595 fl

10 3598 145 3673 „p
