2350 3700
291 741 748 806 PRAENOTIONES.

96 888 116 943 l.
137 896 307 958 Ontologiae
327 895 460 944 definitio.
502 885 666 962 Ontologia
682 881 723 961 (τὸ
746 879 775 940 ὅν
797 896 826 945 et
846 882 935 962 λόγος)
957 896 1016 946 est:

34 976 143 1032 'sh'cntia
171 978 245 1034 entis
270 977 439 1034 coazsiderati
463 975 514 1032 suh
541 975 698 1033 rationibus
725 977 783 1033 eius
808 978 931 1033 maxime
951 995 1017 1034 cont·

46 1064 165 1122 munz'hus.
207 1065 339 1124 Dicitur:

34 1178 35 1181 ¹
94 1175 116 1212 1.
136 1155 269 1224 scientia,
294 1155 312 1213 i.
335 1172 361 1212 e.
383 1153 516 1230 cognitio
543 1172 598 1229 per
620 1171 738 1224 causas,
768 1155 816 1212 vel
844 1154 1016 1229 specialius:

45 1253 157 1316 systema
178 1243 386 1318 cognitionum
407 1253 571 1311 certarum,
598 1259 676 1318 quae
698 1262 734 1301 ex
755 1242 909 1318 principiis
930 1244 1018 1302 certis

44 1331 127 1389 stricto
149 1332 259 1390 ordine
279 1333 377 1408 logico
398 1333 580 1408 eruuntur¹3

92 1441 116 1479 2.
137 1424 219 1480 entis.
256 1422 337 1494 Quid
357 1422 395 1480 sit
414 1440 468 1480 ens
486 1417 586 1497 (l'htre,
612 1421 684 1479 «das
698 1417 811 1496 seina),
828 1421 1018 1498 philosophice

43 1507 88 1566 hoc
107 1509 173 1585 ipso
194 1521 322 1569 tractatu
342 1510 549 1570 declarabitur.
585 1509 722 1586 Vulgaris
750 1519 848 1568 autem
868 1510 953 1569 huius
974 1509 1017 1568 rei

43 1597 111 1655 notio
141 1599 283 1658 omnibus
313 1599 382 1658 satis
403 1611 557 1675 comperta
585 1609 643 1670 est,
672 1609 705 1656 ut
731 1598 807 1657 scire
828 1598 950 1673 possint,
978 1599 1017 1657 de

42 1705 159 1760 quanam
181 1707 216 1746 re
238 1699 350 1764 agatur.
395 1690 434 1746 Et
454 1689 512 1746 hac
533 1688 656 1763 quidem
675 1705 752 1746 voce
774 1687 850 1746 entis
871 1687 1018 1746 indicatur

42 1777 203 1853 ontologiae
225 1779 355 1835 obiectum
375 1779 538 1846 materiale,
567 1795 627 1853 quo
648 1776 761 1836 scilicet
788 1776 929 1835 convenit
949 1796 1016 1834 curn

42 1866 167 1925 omnibus
197 1867 263 1925 aliis
291 1868 430 1927 scientiis.
473 1866 656 1942 Disciplinae
678 1866 901 1939 enimomnes,
930 1884 1017 1941 quae·

41 1974 156 2031 cumque
178 1956 378 2028 instituuntur,
399 1967 554 2015 versantur
574 1958 655 2014 circa
676 1976 739 2015 ens.

90 2064 116 2118 3.
143 2047 316 2103 conrhhrnti
333 2047 384 2104 nab
409 2047 568 2104 rationibus
595 2048 653 2103 cius
673 2047 796 2103 maxime
823 2046 1016 2104 communibus.

38 2134 116 2191 Ratio
138 2135 252 2193 dicitur
272 2136 303 2193 id
324 2154 423 2207 omne,
447 2153 507 2211 quo
528 2135 641 2210 aliquid
662 2134 842 2210 intellegitur
863 2129 944 2210 (est),
971 2136 1018 2193 vel

37 2233 125 2297 potest
152 2224 297 2299 intellegi.
340 2224 504 2299 Ontologia
531 2224 660 2299 proinde
688 2243 726 2283 ex
753 2222 804 2295 iis,
837 2217 943 2299 ciuibus
971 2243 1018 2282 res

36 2310 243 2388 intelleguntur
262 2314 311 2371 vel
332 2324 456 2389 possunt
476 2314 624 2389 intellegi,
648 2313 817 2372 considerat
839 2331 875 2371 ea
895 2323 1017 2384 tantum,

37 2419 103 2474 quae
125 2404 219 2477 rebus
235 2403 372 2461 omnibus
386 2414 453 2461 sunt
467 2404 646 2473 communia,
669 2421 729 2479 quo
744 2412 881 2478 respectu
896 2402 1019 2477 speciali

35 2485 195 2563 (obiectum
216 2488 353 2568 formale)
367 2492 521 2567 ontologia
535 2492 722 2567 distinguitur
743 2493 781 2551 ab
803 2491 941 2550 omnibus
956 2491 1019 2549 aliis

34 2581 173 2651 scientiis,
205 2581 318 2657 quippe
341 2600 420 2656 quae
449 2580 641 2640 considerent
669 2600 722 2639 ens
750 2591 838 2657 prout
858 2581 955 2640 taliter
976 2590 1020 2639 est

33 2668 276 2755 determinatum,
307 2681 379 2746 puta
406 2671 445 2728 ab
471 2670 715 2745 anthropologia,
744 2689 821 2745 quae
844 2670 960 2729 disserit
980 2670 1019 2727 de

34 2769 95 2815 ente
115 2769 212 2834 prout
233 2760 386 2818 exhibetur
406 2761 460 2817 sub
482 2760 607 2830 ratione,
630 2778 689 2835 qua
709 2760 749 2831 fit,
772 2770 803 2818 ut
823 2758 860 2818 sit
877 2760 968 2817 bomo
991 2770 1020 2817 et

33 2864 87 2904 non
109 2848 245 2906 mundus
265 2850 313 2907 vel
333 2850 425 2907 Deus.

87 2936 259 3012 Ontologia
278 2954 340 2995 non
355 2956 423 2996 raro
438 2938 545 2997 dicitur
559 2938 649 2997 etiam
664 2938 850 3013 metaphysica
866 2938 1018 3011 generalis.

33 3024 240 3101 Metapbysica
260 3026 340 3085 enim
361 3022 443 3102 (μετὰ
463 3023 497 3081 τὰ
512 3020 622 3101 φυσικά)
644 3026 811 3085 Aristotelis
833 3025 969 3101 discipuli
983 3044 1020 3085 ea

34 3112 191 3186 dicebant,
222 3116 259 3173 de
290 3115 396 3191 quibus
423 3123 488 3191 post
515 3135 561 3173 res
584 3116 717 3190 physicas
747 3114 882 3190 proximo
914 3114 1019 3172 ordine

86 3291 94 3321 ¹
115 3293 160 3341 Cf.
184 3292 281 3357 Logiea
299 3308 325 3357 p.
348 3306 371 3341 1.
