2350 3700
431 140 468 174 DE
488 138 679 175 POSITIVISMO.

443 304 608 352 Armenius
629 315 670 353 111.

401 418 450 467 DE
469 418 702 468 POSITIVISMO.

382 548 400 615 ξ
422 565 443 600 ι.
483 553 554 601 Eius
582 552 728 615 expositio.

113 682 216 732 Notio.
254 674 449 733 Positivismus
464 685 507 734 est
528 674 808 745 sententia-eorum,
831 674 891 750 qui,
907 693 974 732 cum
988 676 1049 732 nul·

43 762 115 818 lum
132 762 218 820 aliud
233 764 439 838 cognoscendi
457 764 589 823 medium
604 763 761 823 admittant
777 762 834 821 nisi
849 765 1049 839 experientiam

46 853 204 921 sensilem,
227 852 308 911 entia
329 852 498 929 spiritualia,
521 854 644 929 siquae
665 852 738 924 sint,
760 872 779 911 a
797 852 885 911 nobis
906 853 1049 928 cognosci

48 959 146 1015 posse
161 951 285 1016 negant,
301 941 462 1000 dictamina
476 961 550 1001 vero
562 943 665 1001 omnia
679 942 880 1001 conscientiae
891 941 970 1000 circa
979 960 1050 1017 ope·

51 1028 193 1089 rationes
207 1040 323 1089 nostras
338 1032 502 1107 spirituales
515 1052 607 1109 vanas
620 1033 762 1090 illusimus
774 1050 839 1090 esse
854 1030 1048 1090 contendunt.

117 1120 214 1176 Hanc
224 1120 402 1178 sententiam
412 1121 443 1179 in
454 1122 552 1179 Gallia
562 1122 690 1179 maxime
700 1120 828 1179 excoluit
837 1120 912 1194 Aug.
925 1120 1020 1177 Camlc
1031 1122 1048 1189 ¹,

55 1226 150 1283 quem
173 1208 269 1266 secuti
289 1220 371 1282 sunt,
400 1210 478 1268 inter
498 1210 587 1280 alios,
609 1211 706 1269 Litlrl
723 1219 754 1268 et
779 1210 868 1267 Taine
888 1208 918 1267 in
941 1209 1048 1280 Gallia,

56 1297 183 1373 Spemer
209 1307 240 1355 et
267 1297 371 1355 Smart
395 1299 471 1357 Mill
501 1299 532 1357 in
560 1299 671 1375 Anglia
704 1294 921 1374 (agnosticis).
964 1296 1050 1355 Moti·

56 1406 127 1444 vum
150 1387 281 1461 proinde
303 1388 400 1446 omnis
421 1388 619 1460 certitudinis,
642 1389 721 1447 iuxta
741 1388 822 1459 illos,
844 1388 907 1447 sola
928 1397 972 1447 est
993 1406 1050 1460 cog·

55 1478 130 1533 nitio
157 1478 300 1534 semitm.
340 1477 554 1553 Quaecumque
582 1496 656 1537 vero
683 1489 766 1537 extra
794 1476 938 1536 ambitum
965 1476 1050 1535 huius

55 1564 243 1641 cognitionis
264 1566 341 1624 forte
361 1566 564 1639 inveniuntur,
586 1586 650 1625 non
671 1567 811 1644 neganda
830 1565 952 1641 quidem
973 1575 1049 1636 sunt,

54 1655 114 1713 sed
135 1654 326 1730 neglegenda
347 1655 479 1714 omnin0.
521 1656 603 1715 Talis
624 1656 705 1715 enim
725 1654 835 1731 agendi
860 1654 935 1713 ratio
956 1654 1049 1731 philo·

53 1744 174 1819 sophos
194 1744 329 1821 apprime
351 1745 438 1803 decet
455 1744 644 1822 «positivos»,
666 1745 770 1821 quide
789 1746 877 1803 rebus
894 1743 1047 1812 «realibus,

55 1833 191 1906 utilibus,
215 1834 319 1894 certis»
343 1843 457 1919 tantum
478 1835 640 1912 inquirant,
661 1855 724 1895 non
745 1844 844 1894 autem
864 1833 904 1893 de
928 1832 1050 1892 ‹inutili-

56 1926 134 1982 bus›
158 1924 206 1982 vel
230 1924 338 1983 «fictis»
355 1943 432 1984 vane
453 1936 483 1984 et
503 1926 604 2002 inepte
622 1927 863 2000 ‹theologorum›
880 1925 927 1982 vel
944 1932 1050 1982 ‹meta-

56 2012 270 2088 physicorum»
293 2032 387 2086 more,
410 2015 563 2074 disserant.

124 2205 133 2236 ¹
152 2208 219 2273 Aug.
234 2209 333 2269 Comte,
353 2209 377 2257 in
390 2210 452 2258 urbe
466 2209 630 2274 Montpellier
641 2227 665 2258 a.
682 2209 749 2272 1798
766 2217 847 2270 natus,
867 2208 967 2256 Parisiis
985 2223 1049 2256 mor·

60 2297 119 2336 tuus
138 2297 178 2337 est
196 2306 217 2337 a.
234 2289 310 2352 1857.
334 2291 482 2338 Doctrinam
501 2290 578 2355 ipsius
597 2290 735 2354 expositam
750 2290 863 2339 invenies
876 2289 901 2337 in
914 2287 988 2346 libro,
1008 2287 1049 2336 cui

61 2370 149 2417 titulus
163 2369 258 2418 «Cours
271 2369 303 2418 de
315 2370 476 2435 philosophie
488 2371 622 2437 positive».
633 2397 667 2404 -
684 2372 762 2420 «Tres
774 2371 893 2434 periodos
907 2369 933 2416 in
945 2367 1050 2416 historia

60 2450 207 2514 distinguit:
236 2450 391 2514 theologicam
411 2449 472 2515 (sub
490 2453 571 2501 forma
589 2451 752 2510 fetischismi,
771 2450 944 2516 polytheismi,
964 2463 1050 2497 mono·

61 2525 180 2591 theismi),
199 2530 225 2578 in
244 2547 294 2595 qua
312 2532 426 2581 homines
445 2532 583 2596 phantasiis
603 2547 679 2581 sensu
697 2531 742 2596 pio
760 2531 845 2580 inditis
862 2530 929 2578 ducti
942 2528 1048 2587 fuerint;

60 2611 256 2675 metaphyszlam,
275 2611 301 2659 in
320 2628 370 2676 qua
388 2612 503 2672 homines
522 2629 574 2661 non
593 2613 695 2677 quidem
708 2611 807 2670 ficticia,
827 2611 873 2659 sed
885 2609 951 2658 vires
965 2615 1047 2656 tamen

61 2691 176 2740 occultas
194 2698 334 2753 sectantes,
360 2709 425 2742 vana
443 2693 598 2757 speculantis
616 2693 722 2742 rationis
740 2692 872 2740 simulacra
890 2688 990 2737 maximi
1015 2689 1048 2736 ie·

63 2771 157 2830 cerint;
171 2774 312 2834 positivam,
332 2773 358 2822 in
377 2790 427 2839 qua
445 2774 560 2823 homines
579 2789 609 2822 ea
630 2781 725 2821 tanturn
743 2771 828 2836 magni
845 2770 965 2827 habeant,
985 2783 1050 2832 quae

62 2868 110 2916 per
128 2853 307 2916 experientiam
325 2869 443 2903 sensuum
462 2863 489 2904 ut
508 2871 567 2903 vera
593 2862 618 2902 et
642 2853 750 2918 positiva
774 2852 959 2918 praebeantur,
985 2864 1050 2913 quae

64 2931 158 2980 trutina
176 2939 201 2980 et
218 2949 336 2981 mensura
351 2935 487 2984 examinari
500 2934 648 2999 calculoque
661 2932 836 2981 mathematico
848 2930 929 2980 subici
942 2929 1048 2996 possint.

63 3012 221 3077 Religionem
241 3013 380 3062 construxit
394 3014 491 3074 Comte,
511 3015 536 3063 in
555 3031 606 3080 qua
623 3015 673 3063 tria
690 3012 821 3061 adoranda
839 3012 902 3060 sint:
921 3011 946 3059 le
961 3009 1052 3058 Grand

64 3093 160 3152 Milieu,
174 3093 226 3142 sive
239 3095 347 3158 spatium
358 3093 495 3156 infinitum
510 3095 534 3144 le
550 3095 641 3145 Grand
649 3091 751 3151 Fe'tiche,
765 3093 817 3141 sive
830 3092 899 3140 orbis
912 3091 1048 3150 terrestris;

65 3181 90 3221 et
107 3189 227 3238 magnum
247 3174 310 3223 illud
327 3192 386 3235 ens,
412 3177 482 3240 quod
506 3176 629 3225 intellexit
654 3189 710 3223 esse
730 3173 909 3222 humanitatem
934 3171 1049 3219 universe

66 3260 209 3318 acceptam»
238 3251 323 3316 (Pescla
348 3273 389 3321 op.
416 3257 456 3306 cit.
483 3258 503 3316 1,
527 3253 580 3318 99).
608 3283 641 3291 —
668 3254 835 3302 Positivismus
861 3267 913 3299 non
938 3259 976 3299 est
1001 3250 1050 3298 nisi

66 3334 175 3382 evolutio
188 3336 311 3399 quaedam
323 3337 397 3386 unius
409 3345 435 3386 et
446 3337 557 3386 eiusdem
570 3335 669 3393 erroris,
684 3334 727 3398 qui
739 3332 847 3382 saeculis
859 3331 921 3378 XVI
933 3338 960 3378 et
972 3330 1047 3376 XVII
