2350 3700
293 126 332 160 DE
351 125 489 162 ESSENTIA
509 126 544 161 ET
564 125 761 162 Exstst‘utv't‘tn.
972 125 1023 175 233

95 274 137 328 Ex
159 273 205 330 his
228 291 349 347 quoque
372 275 542 348 intellegeS,
573 292 626 332 cur
647 293 775 349 corpora
797 273 945 348 quaedam
972 293 1026 349 per

45 360 186 434 quandam
201 362 409 436 metaphoram
424 363 560 420 dicantur
575 364 730 421 essentiae.
753 364 852 437 Vulgo
867 364 947 420 enim
962 364 1027 422 suh·

45 449 157 507 stantiae
179 450 329 525 quaedam
350 462 495 509 vocantur
519 469 660 510 «essence
680 451 718 510 de
733 451 859 519 citron»,
885 470 1026 510 «essence

44 538 76 594 de
95 557 189 607 rosc»,
213 540 284 613 quia
304 540 336 596 in
357 540 437 615 ipsis,
460 541 589 611 remotis,
612 541 643 597 in
666 551 809 615 quantum
830 541 894 598 fieri
919 549 1025 615 potest,

44 628 173 685 omnibus
193 628 350 686 elementis
371 629 483 698 alienis,
506 647 560 686 eae
582 629 757 703 praesertim
772 629 970 704 proprietates
985 647 1027 687 re·

43 717 172 787 tinentur,
197 736 271 792 quas
291 718 383 776 habet
404 719 462 776 tale
477 736 594 792 corpus,
617 727 762 792 quatenus
778 727 821 776 est
836 719 892 776 tale
908 737 1026 794 corpus,

94 809 130 863 II.
166 817 286 878 Species
315 815 464 865 essentiae.
526 808 645 882 Duplex
679 808 854 882 praesertim
888 807 1028 882 distingui

42 906 132 970 potest
152 897 298 954 essentia:
322 897 449 954 essentia
470 897 595 971 physica
616 906 645 954 et
666 897 793 954 essentia
815 897 1027 972 metaphysica.

93 986 234 1043 Essentia
257 985 376 1061 physica
403 995 461 1042 est:
491 984 673 1043 elementum
697 985 744 1042 vel
773 985 941 1060 complexio
972 986 1028 1043 ele·

42 1085 206 1132 mentorum
221 1075 343 1132 alicuius
358 1075 401 1132 rei
416 1074 679 1146 constitutivorum,
702 1083 790 1149 prout
804 1074 1030 1133 considerantur

43 1175 68 1219 nt
80 1174 148 1221 sunt
170 1184 189 1220 a
204 1171 292 1239 parte
312 1165 362 1220 rei.
394 1163 532 1221 Essentia
549 1163 673 1238 physica
687 1163 824 1232 hominis,
847 1164 925 1222 Petri
947 1181 973 1221 e.
989 1182 1027 1238 g.,

44 1253 225 1310 constituitur
245 1254 346 1310 anima
367 1263 396 1310 et
417 1270 545 1327 corpore
567 1245 721 1327 (materia).

97 1362 122 1400 1.
152 1342 185 1400 Si
206 1342 393 1410 constituitur
413 1342 503 1399 unico
525 1342 690 1412 clemente,
712 1340 820 1398 dicitur
836 1341 948 1417 physice
968 1343 1030 1398 sim·

30 1420 31 1475 l
39 1431 118 1503 ples,-
141 1431 210 1488 talis
231 1439 275 1488 est
295 1430 423 1488 essentia
444 1430 512 1488 Dei.

97 1540 124 1576 2.
149 1519 181 1576 Si
200 1519 332 1594 pluribus
349 1519 534 1577 constituitur
549 1518 711 1590 elementis,
735 1529 779 1577 est
795 1519 907 1594 physice
928 1527 1029 1594 conpo-

30 1611 112 1678 ¹sita;
134 1609 263 1667 essentia
283 1609 413 1665 hominis
435 1627 461 1666 e.
483 1627 511 1682 g.

99 1697 238 1755 Essentia
258 1697 445 1772 nutaphysica
458 1707 517 1754 est:
539 1706 612 1754 nota
632 1696 680 1754 vei
697 1697 870 1771 complexus
892 1707 1028 1755 notarum

39 1787 163 1843 alicuius
190 1787 234 1844 rei
262 1785 529 1856 constitutivarum,
558 1803 621 1842 non
649 1795 737 1861 prout
757 1795 824 1843 suut
848 1787 877 1842 in
900 1804 947 1855 re,
977 1787 1029 1843 sed

40 1888 129 1950 prout
149 1886 217 1933 sunt
237 1877 384 1933 abstracte
399 1876 606 1934 consideratae
628 1876 666 1933 ab
682 1876 833 1933 intellectu
854 1886 956 1934 nostro
975 1876 1029 1933 sub

40 1965 117 2022 ideis
143 1965 374 2035 universalibus,
405 1975 436 2021 ut
463 1964 572 2039 gradus
596 1965 799 2040 metaphysici.
843 1966 892 2023 Sic
921 1965 952 2022 in
979 1966 1030 2022 ho·

40 2056 121 2111 mine
141 2054 271 2111 essentia
290 2053 494 2128 metaphysica
514 2063 558 2110 est
579 2054 745 2111 animalitas
767 2064 795 2111 et
819 2054 999 2111 rationalitas
1012 2056 1028 2111 ¹.

104 2145 156 2201 ΙΙΙ.
180 2152 321 2200 attributa
340 2152 489 2201 essentiae.
530 2162 554 2199 1.
576 2144 731 2201 Essentiae
753 2153 819 2200 sunt
840 2144 1030 2200 z'tnmutubiles.

100 2234 148 2290 De
164 2232 288 2306 speciali
303 2232 361 2289 Dei
383 2232 528 2289 essentiae
550 2232 784 2289 immutabilitate
806 2250 903 2289 sermo
925 2232 980 2289 erit
1000 2232 1031 2288 in

30 2321 230 2379 theodicaea.

30 2459 31 2463 ,
98 2411 313 2468 Creaturamm
326 2426 398 2466 vero
421 2409 565 2467 essentias
580 2407 662 2483 quod
685 2408 796 2479 attinet,
819 2426 856 2467 eo
873 2426 960 2467 sensu
981 2410 1031 2467 irn-

35 2499 198 2556 mutabiies
213 2496 360 2555 dicendae
375 2508 450 2568 sunt,
474 2497 555 2571 quod
576 2498 689 2554 nullum
711 2516 746 2555 ex
762 2498 916 2555 elementis
930 2517 1031 2556 earum

99 2673 108 2705 ¹
128 2676 251 2723 Essentia
269 2675 375 2740 physica
388 2683 413 2723 et
425 2675 599 2739 metaphysica
613 2690 800 2739 nonnumquam
814 2685 945 2725 sumuntur
957 2676 1032 2724 etiam

34 2756 86 2803 aiio
115 2772 209 2814 sensu,
239 2763 314 2819 prout
342 2755 536 2804 considerantur
563 2755 662 2803 scilicet
690 2756 828 2803 secundum
857 2757 1031 2805 necessitatem

34 2835 262 2884 constitutivorum
280 2835 306 2882 in
325 2851 380 2884 esse
400 2843 424 2882 et
443 2834 553 2898 concipi.
596 2836 669 2883 «Hoc
689 2850 765 2883 sensu
791 2837 900 2883 essentia
926 2837 1033 2901 physica

35 2926 74 2965 est
94 2916 247 2979 complexus
266 2916 390 2975 omnium,
409 2916 464 2963 sine
483 2915 575 2979 quibus
594 2930 634 2963 res
654 2930 706 2963 non
726 2923 809 2979 potest
828 2917 957 2965 exsistere.
995 2918 1033 2964 Ita

36 2996 146 3045 includit
167 3011 220 3043 non
239 2995 320 3043 solum
338 3004 423 3059 partes
442 2996 627 3055 constitutivas,
648 2996 693 3043 sed
712 2995 786 3043 etiam
805 3012 880 3044 omne
893 2998 1031 3061 proprium,

33 3093 126 3125 omnes
147 3076 305 3124 necessarias
324 3077 360 3124 rei
378 3077 518 3135 facultates,
539 3076 675 3139 potentias.
701 3075 818 3123 Essentia
836 3092 895 3125 vero
909 3078 945 3125 rei
958 3086 1033 3125 meta-

34 3158 147 3221 physica
167 3164 206 3203 est
224 3156 370 3219 complexus
389 3172 483 3215 eorum,
504 3156 558 3204 sine
577 3156 668 3219 quibus
686 3170 727 3202 res
747 3170 798 3202 non
817 3164 903 3218 potest
916 3156 1032 3218 concipi:

35 3246 61 3284 et
80 3236 149 3284 nihil
169 3252 287 3299 expresse
315 3244 341 3283 et
366 3236 503 3284 formaliter
525 3236 638 3283 continet
663 3233 713 3280 nisi
738 3242 823 3295 partes
850 3234 1032 3291 constitutivas,

39 3316 138 3381 reliqua
159 3313 351 3380 (proprietates)
372 3316 452 3363 solum
471 3313 623 3362 virtualiter»
646 3310 738 3373 (Frick,
759 3312 846 3358 Ontol.
866 3328 891 3373 p.
911 3309 967 3372 45).
