2350 3700
161 107 213 166 246
270 119 309 154 DZ
329 117 572 154 nomnrarrurs
592 117 676 153 exiis
697 115 1045 152 TRANSCENDENTALIBUS.

158 267 241 341 qnod
255 266 501 340 unumquodque,
521 266 598 323 sicut
611 263 741 322 custodit
761 283 847 321 suum
869 281 944 334 esse,
968 263 1010 321 ita
1029 262 1146 320 custodit

158 375 241 413 stram
261 355 455 412 ιιιιὶῑειῐειιι»ι

546 497 710 533 surrectus
730 497 760 532 11.

301 600 351 647 DE
368 598 588 647 lDENTlTATE
608 598 654 646 ET
673 598 723 646 DE
741 597 1014 646 DISTINCTIONE.

219 715 265 770 Ex
286 732 339 782 eo,
363 714 446 787 quod
473 732 528 771 ens
557 723 603 771 est
628 712 788 770 indivisum
814 711 847 768 in
875 730 907 769 se
937 722 968 770 et
990 710 1119 769 divisum

161 802 296 877 quolibet
317 802 394 872 alio,
421 802 569 876 sequitur,
599 813 630 858 ut
651 821 719 858 cum
741 820 773 859 se
793 801 861 876 ipso
882 811 1097 875 comparatum
1123 797 1141 854 si

160 891 240 949 idern
261 891 331 961 sibi,
352 890 433 948 idem
453 910 524 961 ens,
552 891 718 959 idcm‘r'cum;
746 900 777 948 et
797 900 919 959 contra,
951 900 985 946 ut
1008 887 1134 947 cumali

160 989 367 1054 comparatum
387 998 452 1036 non
473 979 510 1036 sit
529 979 612 1037 idem
633 999 669 1036 ae
690 979 763 1036 illud
784 979 872 1047 aliud,
894 979 949 1036 sed
972 979 1011 1036 sit
1033 980 1073 1036 ab
1094 979 1136 1051 ips

160 1069 338 1126 distinctum.
373 1068 504 1126 Proinde
522 1069 598 1126 sicut
612 1069 714 1126 unitati
737 1067 899 1142 opponitur
921 1067 1092 1136 multitudo,
1114 1067 1150 1164 sip

160 1157 305 1215 identitati
326 1157 489 1232 opponitur
516 1157 677 1215 distinctio.
727 1157 771 1214 Sit
791 1173 865 1231 ergo
892 1157 1030 1214 breviter
1051 1158 1090 1215 de
1112 1155 1138 1212 hi

161 1247 275 1304 duabus
295 1246 495 1304 relationibus.

498 1411 517 1478 ᾖ
538 1427 561 1462 r.
594 1417 637 1462 De
656 1414 809 1463 identitate.

221 1536 364 1594 Identitas
379 1532 496 1609 (eadem
510 1531 628 1608 entitas)
643 1536 674 1594 in
689 1553 801 1610 genere
816 1545 876 1594 est:
897 1537 1043 1610 quaedam
1057 1537 1144 1592 relati

161 1627 337 1683 indtiuaionis
352 1627 481 1700 plurium
495 1624 629 1699 fundata
648 1627 679 1682 in
699 1627 809 1681 um'tatc
828 1626 960 1700 quadam.

222 1725 341 1799 Duplex
361 1723 562 1798 distinguitur:

221 1823 243 1881 I.
265 1821 408 1881 Identitas
428 1822 556 1879 absoluta
576 1821 624 1879 vel
646 1821 749 1890 realis,
778 1838 856 1896 quae
878 1831 936 1880 est:
961 1825 1145 1880 convenient

160 1914 205 1968 rei
223 1930 282 1967 mm
302 1930 331 1967 sc
349 1913 419 1986 apsa.
455 1912 526 1968 Non
547 1921 592 1968 est
604 1910 662 1968 nisi
680 1910 785 1969 relatio
800 1910 987 1968 indivisionis
1010 1910 1096 1969 inter
1120 1931 1135 1969 e

161 2018 237 2074 quae
252 2002 337 2075 plura
356 2011 424 2057 sunt
437 1999 601 2058 secundum
616 1999 762 2057 rationem
777 2009 900 2071 tantum,
922 2017 955 2057 re
970 2000 1043 2075 ipsa
1059 2011 1132 2059 aute

161 2107 252 2147 unum
274 2099 347 2146 sunt.
384 2088 434 2146 Sic
448 2090 586 2146 Socrates
607 2098 652 2146 est
673 2087 819 2146 identieus
840 2088 904 2159 sibi,
927 2090 1060 2162 quando
1083 2091 1133 2149 en'

163 2178 299 2235 Socrates
320 2197 387 2235 eum
410 2177 532 2235 Socrate
559 2186 759 2252 comparatur,
781 2196 843 2234 non
865 2194 909 2247 re,
932 2177 989 2235 sed
1011 2196 1073 2253 per
1097 2200 1135 2237 co

162 2266 373 2324 siderationem
398 2266 506 2325 mentis
532 2275 648 2323 tantum
670 2266 753 2339 quasi
775 2266 949 2339 duplicatur.
995 2266 1051 2325 Sic
1075 2271 1134 2327 etia

162 2354 299 2412 identitas
320 2354 407 2413 realis
427 2364 472 2413 est
492 2354 569 2412 inter
585 2354 714 2412 Tullium
737 2364 767 2411 et
788 2354 979 2413 Ciceronem.
1014 2357 1134 2415 Identit

162 2444 296 2502 absoluta
315 2444 362 2502 vel
384 2443 471 2502 realis
492 2443 598 2518 triplex
620 2442 822 2517 distinguitur:

226 2562 250 2599 1.
265 2542 475 2617 Metaplrysica:
490 2559 526 2599 ea
536 2552 587 2611 est,
600 2559 677 2615 quae
688 2541 837 2599 invenitur
846 2541 876 2599 in
887 2559 928 2613 re,
944 2560 1028 2616 quae
1039 2547 1142 2602 nullm

163 2648 197 2688 ne
211 2632 483 2705 minimamquidem,
499 2631 680 2688 mutationem
694 2632 817 2705 patitur.
846 2630 928 2688 Talis
938 2630 1090 2691 identitas
1106 2654 1127 2691 n

163 2730 207 2778 est
228 2720 285 2778 nisi
305 2720 337 2778 in
359 2722 434 2778 De0.

225 2838 250 2875 2.
273 2818 410 2891 Physica:
431 2836 467 2875 ea
481 2827 533 2888 est,
556 2834 633 2891 quae
649 2818 797 2875 invenitur
817 2816 848 2874 in
865 2835 905 2887 re,
928 2836 1021 2892 quae,
1046 2828 1148 2877 muto

163 2908 224 2965 licet
243 2907 434 2974 accidentibus,
455 2906 583 2963 eandem
604 2924 686 2963 suam
701 2907 859 2965 essentiam
878 2907 1040 2981 physicam
1058 2910 1134 2984 iugit

163 3006 268 3052 servat.
318 2995 366 3051 Sic
397 2995 496 3051 anima
522 2995 670 3066 humana,
701 2996 823 3070 angelus
852 3013 970 3071 semper
1004 2996 1070 3055 sibi
1104 3018 1118 3055 s

164 3080 293 3138 identici.

227 3282 279 3333 ¹3.
304 3286 396 3347 Thom„
416 3290 441 3338 S.
462 3291 539 3339 theol.
560 3293 580 3351 Ι,
601 3310 625 3358 q.
649 3307 688 3354 11,
709 3312 732 3344 a.
755 3309 804 3345 1c.
