2350 3700
194 169 235 205 DE
253 163 405 206 DIVISION'E
425 167 659 204 PROPOSITIONuM
679 168 911 206 COMPOSITARUM.
1012 169 1046 219 43

47 317 286 393 propositiones,
308 327 348 389 ut,
370 316 470 392 posito
491 326 519 374 te
540 316 620 375 bene
640 327 775 375 acturum
796 335 869 388 esse,
892 317 1047 375 neccssaria

47 417 206 482 sequatur,
228 417 261 465 ut
281 415 313 465 tu
333 405 444 482 gaudio
464 405 625 482 perfruaris
646 405 857 466 conscientiae.

115 495 226 556 Omnis
253 497 382 572 proinde
409 495 577 571 propositio
607 495 800 571 hypothetica
827 506 871 554 est
898 499 1048 572 composita

47 585 190 660 pluribus
211 584 481 661 propositionibuS,
513 603 590 661 quae
618 584 757 642 dicuntur
784 593 973 662 componentes
998 587 1046 644 vel

46 675 256 749 componentia.
299 676 408 735 Utrum
435 690 508 732 vero
537 672 635 733 omnis
662 673 829 749 propositio
855 674 1047 750 hypothetica

47 763 89 822 sit
111 763 205 821 etiam
226 764 383 839 multiplex,
405 781 443 822 ex
463 762 599 822 dicendis
621 762 719 838 colligi
741 772 847 838 potest.

239 955 265 1022 a)
292 958 333 1006 De
344 958 552 1021 propositionibus
571 959 705 1021 compositis
723 957 867 1022 categoricis.

114 1102 138 1158 Ι.
169 1100 221 1158 Dc
242 1099 483 1177 propositionibus
511 1116 606 1172 aperte
634 1101 796 1175 conpositis.
838 1099 913 1158 Sunt
939 1117 1048 1175 propo·

52 1189 179 1248 sitiones
200 1196 299 1266 apcrtc
326 1189 525 1264 compositae,
556 1189 629 1247 tales
656 1187 785 1260 scilicet,
815 1198 847 1246 ut
867 1187 1047 1264 compositio

54 1296 161 1337 earum
183 1276 318 1337 terminis
339 1279 419 1337 clare
440 1296 581 1354 expressa
601 1286 761 1353 appareat3
788 1288 819 1336 et
845 1286 913 1336 sunt
940 1295 1047 1353 propo·

54 1366 189 1439 sitiones,
213 1385 339 1443 quarum
360 1366 538 1443 compositio
559 1384 654 1442 prope
674 1377 719 1426 est
731 1368 826 1425 latens
843 1377 874 1426 et
890 1384 967 1442 quae
981 1384 1049 1442 pro·

53 1457 128 1515 inde
152 1457 293 1516 dicuntur
313 1458 414 1514 acmltc
433 1455 626 1532 compositae.

116 1545 345 1620 Propositiones
364 1544 552 1622 categoricae
567 1552 664 1622 apcrtc
677 1546 842 1621 compositae
854 1554 937 1602 sunt:
959 1562 1048 1620 copu-

54 1634 157 1706 lativa,
182 1633 377 1706 adversativa,
399 1633 530 1705 relativa,
553 1634 686 1693 causalis.

120 1753 146 1790 1.
177 1731 344 1807 Propositio
365 1733 524 1810 copulativa
545 1750 581 1792 ea
608 1741 667 1804 est,
697 1750 774 1807 quae
802 1730 936 1791 continet
962 1734 1048 1808 plura

54 1821 194 1882 subiecta
221 1823 269 1880 vel
295 1823 380 1898 plura
405 1821 578 1899 praedicata
605 1821 756 1897 particulis
784 1820 981 1881 coniunctivis
1010 1828 1045 1892 cl,

54 1930 120 1982 nec,
153 1912 219 1970 aliis
248 1912 390 1971 similibus
419 1929 551 1985 conexa3
579 1932 607 1971 v.
637 1930 665 1987 g.
697 1912 789 1971 «tides
816 1921 846 1971 et
874 1910 981 1971 caritas
1008 1912 1046 1970 ad

54 2003 184 2061 salutem
205 2010 273 2060 sunt
295 2001 510 2060 necessariae».
551 2003 652 2060 Potest
673 2000 793 2060 dissolvi
814 2000 960 2061 eiusmodi
979 2018 1047 2077 pro·

55 2090 169 2165 positio
190 2091 357 2166 composita
376 2091 407 2149 in
421 2100 465 2149 tot
479 2089 699 2167 propositiones
713 2090 871 2166 simplices,
893 2101 967 2166 quot
980 2101 1048 2149 sunt

55 2180 195 2240 subiecta
216 2180 349 2239 eiusdem
370 2179 535 2255 praedicati
555 2180 604 2239 vel
625 2179 799 2255 praedicata
818 2179 952 2239 eiusdem
982 2180 1047 2237 sub·

55 2269 127 2328 iecti
149 2270 198 2327 vel
220 2268 384 2327 eorundem
405 2262 614 2327 subiectorum.

118 2358 231 2415 Venias
244 2358 448 2433 propositionis
467 2358 641 2432 copulativae
654 2358 761 2433 pcndct
779 2356 903 2434 proinde
930 2376 949 2414 a
975 2359 1046 2416 acri-

54 2454 115 2505 tatc
135 2447 260 2505 aruncum
273 2447 499 2523 propositionum
519 2446 693 2523 simplicium,
714 2448 746 2505 in
765 2466 841 2522 quas
859 2446 1019 2504 resoluitur.

120 2565 147 2602 2.
176 2544 344 2620 Propositio
371 2544 554 2603 adversatura
580 2546 629 2603 vel
655 2545 805 2603 discretiva
825 2545 910 2621 plura
938 2542 1046 2603 iudicia

57 2632 200 2710 opposita
214 2634 355 2705 continet,
377 2652 454 2709 quae
469 2644 644 2709 separantur
660 2633 810 2709 particulis
823 2633 1047 2693 adversantibus

56 2723 114 2792 sed,
137 2729 241 2791 tamen,
263 2722 452 2791 nihilomiuus,
474 2742 531 2781 non
550 2733 625 2797 etc.;
645 2744 672 2781 v.
688 2742 716 2799 g.
734 2742 823 2781 «vera
836 2721 964 2781 hominis
978 2722 1046 2780 bea-

57 2812 154 2870 titudo
169 2829 232 2869 non
250 2810 282 2868 in
296 2812 516 2888 temporalibus,
533 2812 632 2871 sedin
647 2812 775 2872 aeternis
785 2812 873 2871 bonis
882 2810 1044 2871 consistit».

118 2901 230 2959 Veritas
249 2900 334 2959 liuius
347 2902 552 2978 propositionis
565 2902 672 2977 pendet
690 2921 746 2959 nan
766 2902 856 2959 solum
880 2921 900 2958 a
926 2902 1046 2959 acritate

53 2991 196 3068 partium,
217 2989 269 3047 scd
285 2991 368 3047 ctiam
389 3009 409 3047 a
428 2991 549 3049 veritate
568 2992 748 3067 oppositionis
767 2992 904 3066 ipsarum.

119 3108 147 3163 3.
177 3087 344 3163 Propositio
371 3089 496 3147 relatiua
524 3107 561 3147 ea
588 3099 645 3159 est,
673 3088 705 3146 in
733 3106 792 3164 qua
819 3089 918 3164 plures
938 3107 1045 3165 propo

61 3178 181 3237 sitiones
216 3176 355 3252 partiales
390 3186 587 3236 conectuntur
620 3178 771 3253 particulis
802 3177 945 3237 relativis:
980 3179 1046 3235 talis

60 3268 161 3343 qualis,
187 3267 228 3323 ibi
248 3266 304 3337 uli,
328 3284 389 3325 cum
412 3276 487 3339 etc.3
510 3286 537 3324 v.
560 3284 588 3341 g.
617 3268 728 3341 <qualis
748 3268 817 3336 vita,
842 3266 908 3325 talis
927 3284 1046 3341 morst3

64 3375 147 3415 scum
168 3354 261 3415 hostis
283 3366 435 3432 superatus
457 3366 543 3426 esset,
566 3354 712 3413 exercitus
733 3354 763 3411 in
785 3364 882 3411 castra
901 3355 1016 3411 rediit».
