2350 3700
500 146 538 181 DE
557 144 736 181 CATEGORIlS.

348 309 371 358 3.
398 297 439 345 De
456 296 596 345 exsistentia
614 310 748 343 causarum
759 296 894 358 finalium.

185 421 230 469 Ad
248 427 352 493 statum
372 420 556 482 quaestionis.
589 410 799 469 Exsistentiam
813 429 972 469 causarum
987 410 1109 468 finalium
1150 398 1151 401 ¹

125 509 309 576 negaverunt
336 517 442 559 omnes
469 499 603 569 omnium
633 508 804 575 temporum
833 500 1057 557 materialzitae¹
1085 510 1112 555 et

125 600 293 648 nostrorum
320 598 488 663 temporum
510 590 705 665 positivistaa,
734 589 786 664 qui
810 589 922 665 placita
941 588 1113 647 Daruainii²

125 679 182 736 hac
203 678 235 735 in
256 696 289 735 re
309 678 403 737 secuti
423 678 702 755 phaenomenorum
717 676 850 736 omnium
872 697 976 737 causas
997 696 1035 737 ex
1049 678 1114 736 solis
1151 710 1152 749 ,

125 767 316 844 apparatibus
336 766 519 826 mechanicis
539 777 686 843 repetunt.

187 857 301 915 Contra
313 858 370 915 hos
384 874 489 915 omnes
504 856 691 914 contendimus
705 855 945 931 assefinalitaten
958 857 989 913 in
1002 856 1112 923 aranda,

120 954 212 1023 prout
236 948 339 1022 ipsam,
368 947 426 1004 siae
453 947 633 1003 intrinsecam
654 945 712 1003 siva
732 946 933 1013 extrimnam,
961 953 1051 1019 santra
1071 962 1114 1000 ex·

122 1036 298 1111 p'licanimns.
1152 1082 1153 1103 ,

187 1125 283 1185 Huius
304 1123 394 1182 thesis
416 1121 523 1182 veritas
544 1140 581 1181 ex
599 1122 634 1180 iis
648 1121 822 1198 praesertim
844 1120 938 1180 menti
952 1120 1113 1197 apparebit,
1152 1104 1153 1121 ¹

128 1231 205 1288 quae
226 1212 257 1271 in
277 1210 508 1287 anthropologia
528 1221 558 1269 et
577 1210 755 1269 theodicaea
776 1212 857 1268 circa
877 1209 1048 1268 finalitatem
1071 1229 1114 1268 or-

128 1301 254 1377 ganismi
281 1311 311 1361 et
337 1300 476 1360 ordinem
503 1299 608 1358 mundi
636 1318 734 1358 sumus
755 1299 871 1358 dicturi.
914 1299 1034 1358 Interim
1055 1300 1114 1357 hoc

1153 1383 1154 1419 t

128 1391 197 1449 loco
217 1390 302 1449 huius
322 1389 507 1466 probationis
528 1389 690 1465 praecipua
705 1389 809 1465 capita
818 1398 933 1447 tantum
947 1389 1112 1447 referemus
1153 1426 1154 1465 p

188 1540 292 1589 ‘rhesis
309 1541 447 1604 probatio.
489 1532 563 1589 Esse
591 1531 763 1589 finalitatem
791 1530 823 1588 in
850 1530 964 1589 mundo
985 1540 1113 1589 constat:

192 1640 216 1678 1.
239 1621 431 1696 Experientia
449 1623 572 1679 interna.
601 1618 741 1678 Evidenti
755 1619 836 1677 enim
855 1620 1032 1677 conscientiae
1044 1621 1115 1677 tasti-

129 1710 221 1766 monia
241 1709 349 1769 scimus
363 1709 535 1786 saepissime
553 1728 610 1767 nos
624 1726 715 1785 agere
733 1726 796 1766 non
818 1727 855 1767 ex
868 1707 996 1783 impulsu
1015 1708 1114 1765 nescio

129 1815 190 1873 quo
211 1799 403 1871 mechanico,
425 1799 541 1876 passive
562 1808 701 1875 recepto,
724 1798 777 1858 sed
798 1798 848 1856 sab
869 1798 984 1874 influxu
1004 1798 1114 1856 inclina·

129 1889 213 1945 tinnis
243 1889 360 1948 diverso
387 1889 478 1947 modo
509 1898 657 1964 receptae.
700 1891 736 1947 In
766 1887 880 1947 actibus
908 1887 1009 1946 liberis
1035 1905 1060 1945 e.
1086 1906 1113 1961 g.

130 1976 283 2036 eliciendis
304 1977 445 2036 sentimus
466 1995 521 2036 nos
542 1987 612 2036 ante
634 1978 784 2037 actionem
805 1977 886 2035 varie
908 1975 1056 2046 inclinari,
1077 1975 1114 2032 ad

130 2065 248 2124 obiecta
277 2067 390 2126 scilicet
419 2084 637 2142 saepenumero
672 2065 838 2136 contraria,
877 2066 919 2123 ita
953 2076 1052 2124 tamen
1084 2073 1114 2121 ut
1154 2123 1155 2130 ,

193 2275 203 2306 ¹
221 2279 399 2327 Materialistae
418 2279 534 2326 dicuntur
553 2277 588 2325 illi
607 2277 866 2343 pseudophilosophi,
895 2278 938 2342 qui
964 2277 1112 2325 contendunt

131 2359 217 2407 omnia
229 2359 296 2408 entia
308 2359 435 2407 mundana
447 2375 501 2407 esse
514 2358 659 2419 materialia,
677 2374 759 2423 neque
773 2359 850 2408 ullum
863 2373 919 2407 esse
932 2358 1055 2416 effectum,
1074 2357 1111 2420 qui

132 2440 226 2488 viribus
244 2439 417 2488 materialibus
436 2439 557 2504 explicari
576 2454 628 2488 non
647 2440 733 2504 possit.
771 2439 898 2488 Differunt
923 2456 937 2486 a
964 2437 1111 2503 positivistis,

132 2537 238 2585 quorum
257 2521 372 2570 doctrina
390 2528 428 2569 est
447 2520 528 2569 minus
550 2536 640 2569 crassa.
679 2520 714 2568 Hi
739 2520 819 2580 enim,
846 2536 903 2569 cum
929 2518 1027 2567 nullum
1051 2518 1112 2566 aliud

133 2603 304 2667 cognoscendi
323 2602 432 2650 medium
452 2601 586 2648 admittant
611 2599 659 2648 nisi
684 2600 863 2664 experientiam
891 2601 1024 2659 sensilem,
1052 2599 1112 2648 entia

133 2683 285 2746 spiritualia,
313 2684 413 2745 siquae
430 2682 494 2739 sint,
523 2697 538 2728 a
557 2678 633 2728 nobis
653 2681 774 2744 cognosci
792 2695 868 2743 posse
894 2688 997 2744 negant.
1035 2680 1113 2737 Positi-

134 2764 211 2811 vistae
229 2762 335 2828 proinde
353 2777 405 2810 non
423 2760 600 2819 exsistentiam,
621 2760 666 2808 sed
684 2759 930 2824 cognoscibilitatem
943 2760 1037 2807 entium
1049 2760 1113 2823 spiri-

134 2843 237 2891 tualium
255 2842 350 2890 directe
369 2848 470 2905 negant.
508 2841 578 2890 Inter
595 2840 749 2889 recentiores
774 2839 947 2888 materialistas
973 2840 1113 2887 numerandi

134 2933 205 2972 sunt:
225 2922 333 2982 Strauss,
351 2920 508 2980 Feuerbach,
529 2920 654 2979 Btichner,
675 2919 966 2980 Moleschott,Hacke1.

195 3000 252 3051 ¹0.
279 3001 383 3050 Darwin
410 2997 620 3064 (1809-1882).
658 3001 699 3049 De
726 2999 822 3064 origine
848 3000 989 3063 specierum
1014 3009 1040 3048 et
1065 3015 1112 3064 spe·

134 3083 218 3130 ciatim
237 3083 269 3129 de
288 3081 396 3128 hominis
415 3081 513 3143 origine
531 3079 610 3128 multa
628 3079 785 3143 conscripsit.
823 3079 977 3128 Percelebris
1003 3081 1048 3128 fuit
1073 3096 1113 3144 per

134 3159 226 3205 multos
245 3173 323 3204 annos
342 3157 396 3205 eius
414 3160 507 3206 theoria
524 3159 552 3206 de
563 3159 699 3206 evolutione
710 3158 751 3206 vel
764 3162 970 3208 transmutatione
981 3161 1112 3222 paccianum,

133 3250 182 3293 qua
201 3234 293 3280 theoria
310 3250 404 3282 amnem
415 3237 521 3297 finalem
540 3237 686 3284 tendentium
705 3239 841 3300 exstirpare
859 3245 960 3286 conatus
977 3247 1025 3298 est,
1051 3248 1075 3286 et
1091 3239 1112 3285 in

135 3309 187 3353 eius
206 3308 287 3354 locum
310 3313 462 3358 «naturalem
482 3313 657 3361 selectionem»
681 3316 796 3363 subiecit.
