2350 3700
388 126 428 163 ot:
446 126 723 163 TRADITIONALISMO.
997 124 1045 179 125

59 278 87 326 ut
116 272 328 331 auctoritatem
358 276 390 331 in
423 275 522 332 ordine
550 275 742 349 acquisitionis
770 274 810 333 ad
840 274 1048 334 certitudinem

56 360 260 419 necessariam
282 380 347 421 esse
362 364 500 435 doceant,
522 382 585 421 non
600 374 699 422 autem
714 365 745 421 in
765 364 865 421 ordine
877 364 1048 422 demonstra·

55 450 145 508 tonat.
182 452 222 509 Id
237 463 291 524 est,
313 453 393 511 iuxta
413 452 662 530 ipsOS,.veritates
683 453 722 511 de
737 454 813 524 Deo,
836 454 875 512 de
896 452 1050 530 spirituali·

54 550 111 597 tate
132 550 164 598 et
185 541 411 600 immortalitate
433 541 565 613 animae,
594 542 634 601 de
654 542 715 601 vita
734 542 839 601 morali
860 542 1048 615 instituenda,

54 630 116 687 solo
137 630 268 690 rationis
289 631 401 689 lumine
421 630 547 690 inveniri
569 631 692 707 quidem
712 650 775 690 non
801 642 944 707 possunt3
971 643 1049 708 post-

54 736 142 793 quam
157 730 263 779 autem
277 720 338 779 fide
353 730 420 779 sunt
433 720 581 792 inventae,
603 720 680 780 ratio
694 721 757 779 sola
773 720 853 797 ipsas
866 740 952 780 veras
972 740 1047 793 esse,

54 825 119 865 cum
141 809 328 869 certitudine
349 811 478 887 probare
498 819 606 886 potest.

199 962 219 1029 ἓ
241 978 264 1015 2.
297 966 432 1015 Fideismi
451 966 496 1015 vel
515 965 740 1015 traditionaliomi
757 966 897 1041 refutatio.

112 1078 299 1153 Argumenta
316 1081 453 1153 generali.
476 1112 511 1121 -
528 1078 618 1139 Fides
637 1098 701 1138 non
715 1090 814 1155 potest
827 1098 891 1139 esse
906 1080 1048 1139 motivum

23 1168 34 1179 '
58 1167 189 1227 ultimum
213 1170 313 1229 omnis
338 1169 521 1228 certitudinis
549 1179 679 1229 nostrae.
721 1169 811 1228 Fides
838 1170 919 1229 enim
940 1172 1047 1243 omnis,

58 1257 112 1315 sive
141 1258 250 1318 divina
275 1259 336 1319 sive
363 1260 509 1331 humana,
536 1261 629 1317 multa
655 1268 688 1317 ut
715 1268 798 1318 certo
824 1258 944 1335 cognita
962 1269 1048 1337 prac-

23 1350 24 1355 ’
60 1350 198 1421 supponit,
222 1366 301 1423 quae
322 1349 387 1426 ipsa
408 1348 482 1407 fides
503 1358 655 1424 praestare
676 1366 739 1407 non
760 1358 866 1423 potest.

113 1437 297 1513 Priusquam
317 1438 397 1497 enim
413 1439 480 1497 Deo
501 1437 645 1497 revelanti
665 1438 713 1497 vel
727 1439 875 1497 humanae
895 1438 1047 1497 traditioni

60 1524 146 1583 fidem
161 1527 232 1602 quis
241 1527 359 1600 tribuat,
374 1527 434 1585 iam
444 1537 540 1587 certus
554 1528 592 1586 sit
601 1536 733 1603 oportet:
748 1522 777 1602 a)
788 1529 887 1586 Deum
898 1528 1047 1600 exsistere,

59 1610 87 1688 b)
108 1616 213 1675 Deum
234 1635 339 1676 revera
365 1619 497 1676 locutum
519 1635 596 1688 esse,
626 1612 654 1692 c)
676 1618 745 1675 Deo
766 1617 951 1677 credendum
972 1636 1046 1689 esse,

61 1700 90 1777 d)
108 1704 251 1765 homines
265 1706 346 1783 ipsos
359 1707 408 1765 vel
420 1706 611 1765 traditionem
630 1706 725 1782 ipsam
740 1708 888 1779 exsistere,
910 1704 939 1782 e)
960 1707 1048 1765 tradi·

61 1793 139 1854 tione
170 1796 386 1857 revelationem
415 1796 546 1855 divinam
576 1795 703 1856 fideliter
736 1796 937 1856 transmissam
972 1814 1046 1870 esse,

63 1886 150 1944 multa
171 1887 232 1945 alia
251 1886 419 1946 huiusmodi
440 1885 562 1945 ordinis.

120 1975 180 2035 Sed
201 1977 279 2034 haec
301 1975 402 2034 omnia
422 1975 481 2034 fide
502 1977 568 2053 ipsa
589 1974 734 2050 cognosci
755 1994 818 2034 non
839 1985 970 2052 possunt,
993 1976 1047 2035 sed

65 2074 127 2120 actu
154 2065 294 2136 rationis,
323 2066 373 2140 qui
401 2065 491 2123 fidem
519 2053 697 2139 praecedat,
727 2064 894 2140 comparari
925 2065 1045 2124 debent.

65 2152 151 2226 Quod
179 2155 205 2213 si
234 2154 427 2213 nihilominus
461 2154 500 2213 ad
529 2154 619 2212 fidem
656 2153 722 2229 quis
751 2152 854 2212 timide
882 2155 1045 2230 confugere

64 2255 200 2317 conetur,
229 2244 377 2304 secundus
398 2244 447 2302 ille
469 2253 550 2302 actus
570 2243 641 2301 fidei
662 2244 751 2300 alium
773 2242 904 2319 denique
925 2242 1047 2302 rationis

66 2343 158 2392 actum
172 2343 404 2410 praesupponet,
419 2332 476 2390 nisi
489 2350 679 2408 progressum
693 2332 725 2389 in
739 2331 884 2390 infinitum
894 2331 1047 2392 instituere

24 2489 29 2512 ι
64 2423 146 2497 velit,
167 2434 238 2482 tunc
254 2432 352 2482 autem
366 2423 478 2480 nullam
492 2439 634 2496 umquam
649 2420 856 2479 certitudinem
875 2421 1005 2480 habebit.

23 2513 27 2526 '
117 2513 305 2586 Argumentis
316 2512 482 2586 quibusdam
494 2511 664 2586 menalium
700 2530 724 2568 1.
740 2509 852 2568 Contra
862 2510 1044 2568 Lamennais.

119 2596 147 2676 a)
178 2601 356 2675 Argumenta
374 2602 527 2674 'negativa
581 2599 671 2657 Ratio
706 2598 883 2674 praecipua,
924 2610 1047 2675 propter

66 2707 149 2764 quarn
163 2690 346 2752 Lamennais
366 2690 405 2748 ad
420 2707 600 2748 consensum
621 2688 818 2746 universalem
832 2691 884 2758 vel,
900 2689 1046 2747 rationem

65 2781 233 2852 generalem
261 2779 493 2855 confugiendum
515 2796 580 2837 esse
607 2776 734 2853 putavit,
763 2777 820 2836 hac
840 2777 1046 2853 propositione

67 2869 243 2928 enuntiatur:
269 2867 365 2927 ‹Rien
386 2887 425 2927 ne
447 2886 522 2926 nous
543 2876 587 2925 est
601 2866 788 2942 aujourd’hui
808 2868 832 2925 si
853 2867 973 2926 evident
987 2885 1046 2941 que

66 2975 134 3016 nous
148 2956 297 3034 puissions
309 2975 385 3016 nous
399 2967 561 3034 promettre
576 2955 615 3014 de
630 2973 670 3014 ne
683 2956 712 3013 le
726 2973 780 3029 pas
793 2966 913 3015 trouver
926 2955 1046 3014 demain

23 3101 27 3112 ,
67 3063 100 3105 ou
120 3049 231 3106 obscur
251 3065 290 3104 ou
311 3052 444 3105 erronea
469 3077 508 3084 —
530 3045 589 3104 Sed
605 3062 696 3102 nemo
717 3044 834 3120 estqui
854 3062 916 3103 non
937 3045 1045 3117 videat,

69 3154 151 3210 quam
185 3137 292 3194 falsum
326 3135 362 3194 sit
395 3135 468 3193 illud
498 3134 741 3206 fundamentum,
777 3153 844 3192 cum
879 3134 1047 3192 huiusmodi

68 3225 172 3284 dictum
194 3235 225 3284 et
251 3225 452 3284 conscientiae
474 3233 504 3282 ct
529 3222 732 3297 experientiae
753 3222 923 3280 testimonio
944 3232 1046 3294 aperte

69 3314 255 3374 contradicat.
