2350 3700
92 107 146 166 408
286 119 324 156 na
343 117 441 156 causis
461 118 601 156 surianis
623 118 720 156 nunni
740 119 889 156 corruam.

157 285 183 326 a.
205 264 306 326 Posito
326 263 438 327 deinde
460 265 633 324 ordinatore
653 283 758 324 summe
778 267 956 339 intellegenti,
979 268 1088 326 melius

92 353 265 430 explicatur,
288 351 441 428 quomodo
462 353 611 412 ordinatio
633 363 693 412 tam
707 355 865 430 complexa
878 355 965 414 huius
980 355 1089 416 mundi

94 441 172 504 effici
182 442 318 519 potuerit,
334 441 455 501 eumad
468 441 565 518 ipsum
580 440 792 502 instituendum
807 443 887 519 prius
901 463 1090 520 pernoscere

94 530 259 606 oportuerit
279 549 385 594 omnes
405 531 539 592 omnium
560 549 659 590 rerum
680 533 728 594 vel
747 531 979 595 minuscularum
1004 535 1090 595 fines

92 620 257 695 possibiles,
279 619 477 695 proprietates
497 630 528 680 et
547 621 629 696 leges
649 619 815 697 possibiles,
836 622 966 698 ipsarum
983 624 1088 697 legum

93 708 250 784 possibiles
269 708 432 781 conflictus,
454 728 560 770 omnes
573 709 663 770 etiam
678 709 812 771 actiones
833 711 998 787 possibiles,
1021 711 1088 770 sive

94 797 278 858 necessarias
298 796 361 856 sive
381 797 498 870 liberas,
520 798 552 857 in
573 797 691 859 entibus
711 799 912 859 rationalibus.

156 905 183 961 3.
206 886 366 963 Supposito
380 887 511 962 denique
525 887 698 946 ordinatore
712 907 816 948 aemma
829 890 947 964 potenti,
970 888 1086 965 optime

95 975 266 1051 explicatur,
289 976 443 1050 quomodo
464 978 522 1048 frat,
543 986 576 1034 ut
596 975 672 1036 ordo
694 977 743 1037 ille
764 976 841 1036 inter
862 987 906 1036 tot
926 977 1006 1036 entia
1024 997 1086 1039 ma·

94 1064 171 1124 xime
193 1065 311 1124 diversa
330 1064 476 1124 institutus
496 1064 609 1124 stabilis
630 1075 718 1140 atque
740 1065 991 1142 imperturbabilis
1017 1085 1085 1142 per·

95 1153 189 1214 duret.
231 1156 294 1213 Ens
320 1153 401 1213 enim
428 1153 501 1213 illud
526 1154 656 1214 maxime
683 1165 792 1229 potens
819 1155 927 1216 eadem
947 1155 990 1226 vi,
1022 1175 1086 1231 qua

96 1243 207 1302 creavit
227 1253 257 1301 et
277 1242 438 1314 ordinavit,
465 1261 513 1303 res
533 1242 598 1302 illas
619 1262 724 1302 omnes
745 1253 903 1304 conservat
923 1255 953 1304 et
973 1244 1083 1319 dirigit.

156 1333 190 1390 C.
212 1332 335 1390 Ratione
354 1332 502 1407 apodictice
515 1332 666 1409 probator.
709 1331 844 1392 Etenim:

155 1419 278 1479 Nullum
299 1438 348 1478 ens
358 1422 479 1495 finitum
499 1428 541 1478 est
559 1440 579 1478 a
601 1439 645 1489 se,
674 1419 691 1478 i.
715 1440 740 1480 e.
762 1421 854 1481 habet
881 1421 1082 1480 exsistentiam

95 1527 176 1567 suam
205 1526 259 1583 per
286 1526 369 1567 suam
398 1509 565 1570 estentiam.
608 1510 686 1568 Nam
715 1509 739 1568 si
770 1509 843 1568 illud
873 1509 998 1570 haberet
1027 1529 1084 1586 per

96 1596 254 1657 essentiam
274 1615 367 1669 suam,
389 1597 490 1656 omnia
510 1597 592 1658 entia
612 1597 763 1657 individua
784 1598 918 1658 eiusdem
937 1599 1084 1658 essentiae

96 1696 126 1745 et
146 1706 164 1744 a
184 1685 299 1744 fortiori
326 1705 431 1746 omnes
459 1686 508 1744 alii
536 1687 645 1762 gradus
673 1687 867 1750 essentiarum
897 1687 1084 1763 possibilium

95 1774 190 1850 magis
210 1775 410 1850 perfectarum
430 1794 519 1850 aequo
538 1777 586 1834 ael
597 1778 709 1852 potiore
728 1779 791 1835 iare
818 1778 983 1836 exsisterent
1007 1785 1083 1834 actu.

95 1866 166 1923 Hoc
187 1874 285 1923 autem
306 1855 534 1940 repugnat'tum
557 1865 758 1941 experientiae
779 1875 841 1925 turn
860 1866 982 1925 rationi:
1005 1878 1086 1926 esset

96 1954 175 2011 enirn
204 1953 235 2011 in
261 1953 320 2011 hoc
348 1972 417 2012 casu
445 1972 584 2013 numerus
614 1955 725 2013 entium
754 1964 783 2014 et
811 1955 990 2015 mundorum
1015 1968 1085 2018 actu

96 2030 234 2100 infinitus.

156 2123 248 2205 Atqui
273 2132 393 2190 raaudus
420 2132 568 2189 terrendum
595 2139 682 2191 totam
710 2152 791 2191 suam
816 2135 1003 2192 substantiam
1025 2152 1085 2193 con·

95 2220 235 2277 soleratas
254 2226 297 2277 est
308 2220 421 2295 finitus.
465 2219 532 2279 Sive
554 2221 635 2279 enim
656 2224 844 2280 materialiter
865 2218 904 2297 (p.
928 2217 998 2299 389)
1020 2223 1083 2283 sive

90 2308 262 2381 formaliter
282 2304 322 2384 (p.
345 2304 415 2385 394)
429 2320 601 2385 spectatur,
631 2310 727 2368 finitus
749 2322 832 2369 certo
858 2311 1002 2371 dicendus
1030 2322 1084 2371 est.

97 2399 149 2455 Est
170 2396 368 2472 compositum
390 2397 543 2473 quoddam
564 2418 601 2457 ex
622 2400 807 2474 corporibus
830 2418 907 2475 quae
927 2400 990 2476 ipsa
1005 2419 1084 2460 com·

96 2496 246 2562 ponuntur
276 2505 312 2545 ex
342 2487 468 2555 materia,
494 2498 525 2546 et
554 2488 658 2546 forma.
708 2489 914 2564 Compositum
945 2490 1083 2565 proinde,

97 2574 179 2649 quod
201 2592 237 2633 ex
258 2575 369 2634 unione
390 2576 518 2651 partium
539 2576 655 2635 illarum
677 2568 810 2636 omnium
832 2578 938 2648 oritur,
969 2578 1083 2637 finitum

96 2662 133 2721 sit
154 2673 280 2739 oportet.
323 2664 494 2724 Dicendum
514 2674 558 2724 est
580 2684 653 2741 ergo
671 2674 773 2742 'neque
802 2668 957 2726 materiam
984 2686 1083 2743 neque

97 2753 223 2811 formam
252 2751 371 2824 mundi,
402 2772 501 2829 neque
529 2756 727 2829 compositum
756 2773 805 2813 ex·
819 2765 944 2831 utraque
972 2756 1083 2815 habere

96 2839 314 2915 plenitudinem
334 2842 419 2912 entis,
442 2842 506 2900 aliis
526 2842 641 2901 verbis:
663 2843 790 2902 mundus
812 2844 976 2909 secundum
997 2850 1083 2903 totam

97 2947 179 2988 suam
201 2930 395 2988 substantiam
416 2931 620 2990 consideratus
641 2941 686 2990 est
706 2933 811 2991 finitus.

157 3018 240 3089 Erga
260 3018 395 3086 mondus,
423 3020 571 3076 seeundum
592 3026 679 3077 totam
705 3040 785 3078 saara
812 3022 996 3080 arbitantiara
1025 3042 1083 3081 con·

96 3104 244 3172 rideretur,
266 3119 329 3157 non
350 3112 394 3160 est
414 3122 489 3161 ase.

156 3186 198 3239 Id
214 3193 322 3252 autem,
352 3191 430 3258 qood
445 3192 593 3247 secundum
614 3201 701 3251 totam
721 3214 802 3253 suam
822 3198 1007 3257 mbstaatiarez
1029 3220 1085 3259 non

98 3274 145 3319 est.
158 3286 178 3320 a
193 3286 235 3332 se,
256 3276 299 3323 est
311 3273 479 3341 prodactam
500 3294 536 3332 ex
555 3280 645 3335 nihilo
664 3284 712 3338 sui
730 3290 758 3339 et
769 3285 888 3343 subtecti.
918 3287 992 3345 Tale
1007 3289 1087 3348 enim
1170 3304 1171 3307 ’
