2350 3700
163 140 216 204 258
276 153 314 189 DE
334 150 577 189 PROPRIETATIBUS
598 152 682 189 ansts
700 152 1042 189 TRANSCENDENTALIBUS.
1160 6 1166 250 Ι

222 300 259 357 Et
280 318 313 358 re
327 298 450 374 quidem
467 318 546 370 vera,
574 318 682 358 «omne
704 318 757 358 ens
779 299 916 358 ordinem
936 299 1029 357 habet
1048 298 1087 357 ad
1109 298 1144 356 di·

161 388 260 447 vinam
275 391 473 447 voluntatem:
496 396 576 447 amat
592 407 624 447 se
639 388 736 465 ipsum
749 391 841 461 Deus,
863 398 943 447 amat
957 398 987 446 et
1000 399 1144 447 creaturas
1164 329 1166 448 l

162 496 266 537 omnes
295 487 362 537 actu
390 476 579 551 exsistentem
607 488 676 536 sunt
699 478 796 550 enim,
826 477 895 553 quia
916 478 998 535 Deus
1019 478 1083 535 vult
1101 495 1147 535 eas

162 585 244 641 esse3
269 575 348 625 amat
370 567 594 642 quodammodo
616 577 646 625 et
666 567 731 643 ipsa
751 566 911 642 possibilia,
933 576 1083 641 quatenus
1104 565 1166 640 ob}

162 658 271 715 iectum
292 667 358 715 sunt
379 655 498 715 divinae
519 655 764 732 omnipotentiae.
806 657 964 716 Praeterea
985 674 1080 715 omne
1101 674 1150 714 ens

162 745 255 803 amari
282 754 381 821 potest
401 764 419 802 a
439 745 591 804 voluntate
613 755 721 803 creata.
764 746 894 803 Demum
914 762 1006 802 omne
1028 763 1085 804 ens
1108 745 1152 801 ali·

164 853 224 910 quo
245 835 337 894 modo
358 844 495 910 respectu
516 833 560 892 sui
581 843 626 893 est
646 833 825 910 appetibile3
846 851 1056 909 quaecumque
1073 834 1155 892 enim

163 934 231 982 actu
252 922 407 995 exsistunt,
436 933 580 999 appetunt
607 922 761 999 proprium
782 940 847 981 esse
868 933 898 981 et
921 923 959 980 ab
981 922 1166 981 interitione

164 1012 328 1088 fugiunt.»¹

547 1120 713 1167 Anarcomrs
732 1130 762 1166 11.

566 1232 615 1281 DE
634 1234 744 1282 MALO.

519 1370 537 1437 p
559 1386 581 1424 1.
613 1374 700 1423 nono
718 1374 793 1423 mni.

223 1496 344 1553 Malitia
371 1497 622 1553 transcendentalb
648 1507 725 1554 esset
751 1515 814 1554 non
838 1494 1048 1555 convenientia
1076 1497 1161 1555 entis

164 1604 232 1644 cum
247 1584 387 1660 appetitu,
410 1595 440 1643 et
461 1584 623 1644 formaliter
637 1596 715 1644 esset
732 1585 827 1661 ipsum
842 1604 903 1657 ens,
926 1596 1074 1660 quatenus
1093 1605 1161 1645 non

164 1684 310 1733 amaretur
332 1692 350 1731 a
370 1675 454 1745 Deo,
485 1674 533 1732 vel
554 1693 618 1733 non
638 1685 717 1733 esset
736 1673 898 1751 appetibile
919 1694 937 1732 a
958 1692 1162 1753 quocumque

164 1764 306 1840 appetitu.
343 1762 402 1821 Sed
424 1763 488 1822 talis
510 1762 623 1821 malitia
641 1781 705 1822 non
726 1763 850 1822 exsistit:
873 1781 963 1823 omne
984 1781 1039 1822 ens
1061 1766 1163 1836 enim,

163 1855 359 1929 inquantum
386 1853 477 1911 habet
503 1852 541 1912 de
567 1871 647 1924 esse,
676 1853 707 1910 in
734 1863 848 1912 tantum
872 1853 1024 1923 «volitur»,
1054 1867 1094 1913 ut
1126 1857 1166 1914 ita

164 1943 271 2012 dicam,
295 1963 312 2000 a
332 1943 417 2016 De03
438 1941 470 1999 in
491 1941 525 2000 iis
547 1952 655 2013 autem,
678 1960 755 2018 quae
775 1961 839 2001 non
859 1953 934 2015 sunt,
956 1942 1166 2017 inquantum

165 2032 369 2091 consideratur
389 2030 485 2106 ipsum
511 2049 654 2103 non-ens,
683 2033 764 2090 nulla
791 2031 939 2090 invenitur
958 2025 1067 2090 relatio
1095 2055 1166 2094 cum

166 2121 307 2197 appetitu.

225 2219 395 2294 Loquendo
417 2217 544 2294 proinde
566 2217 616 2277 hic
636 2219 674 2277 de
695 2218 814 2289 malitia,
837 2237 1007 2277 sermonem
1028 2218 1166 2282 facimus

165 2326 226 2365 non
247 2307 302 2366 nisi
324 2308 362 2366 de
384 2307 502 2380 malitia,
526 2318 614 2383 prout
634 2305 795 2384 opponitur
815 2307 942 2366 bonitati
961 2307 1116 2382 physicae
1140 2322 1166 2374 et

165 2395 291 2455 bonitati
318 2397 439 2467 morali,
469 2415 545 2471 quae
567 2396 689 2472 quidem
717 2396 828 2454 malitia
854 2395 897 2454 sic
924 2397 1102 2472 generatim
1129 2401 1166 2458 in·

165 2496 267 2562 specta
291 2485 442 2544 definitur:
475 2485 760 2545 non-convenientia
780 2485 855 2544 entis
876 2484 1073 2544 determinati
1099 2508 1166 2549 cum

166 2574 298 2651 appetitu
312 2585 435 2651 propter
445 2576 597 2634 defectum
610 2574 810 2650 perfectionis,
827 2592 917 2649 quam
930 2574 1045 2632 habere
1057 2576 1166 2667 debet

166 2664 279 2722 Malum
300 2674 398 2723 autem
421 2675 465 2722 est
485 2664 549 2740 ipse
571 2664 705 2722 defectus
726 2661 919 2739 perfectionis
939 2662 1077 2724 debitae.
1164 2670 1166 2747 s

226 2763 272 2820 Ex
291 2761 337 2819 his
358 2761 503 2836 sequitur:
1164 2756 1165 2827 J

230 2881 254 2920 1.
284 2861 396 2918 Malum
423 2879 486 2918 non
513 2877 577 2918 esse
606 2859 772 2935 simplicem
799 2857 964 2918 absentiam
988 2869 1022 2916 et
1032 2880 1166 2925 meran

167 2950 358 3024 negationem
368 2949 451 3021 entis,
468 2950 520 3008 sed
530 2950 611 3007 illam
622 2948 796 3022 absentiam,
812 2966 889 3023 quae
899 2947 1007 3006 dicitur
1016 2955 1166 3025 priam

229 3067 254 3103 2.
284 3047 397 3104 Malum
417 3065 480 3104 non
501 3047 641 3106 exsistere
662 3048 694 3104 in
714 3065 762 3120 se,
789 3047 843 3106 sed
863 3045 894 3103 in
916 3047 981 3105 solo
1002 3047 1104 3112 bono
1129 3034 1166 3151 ed

167 3130 268 3190 sistere
289 3152 386 3208 posse.

1164 3248 1166 3276 l

231 3337 349 3400 wopan,
369 3341 448 3389 mem.
469 3343 529 3404 phil.
550 3344 634 3392 emsa
655 3346 688 3405 11,
709 3359 751 3410 50.
