2350 3700
263 143 527 181 HYLEMORPHISMUS
548 143 669 180 UBERIUS
689 143 876 181 EXPLICATUR.
1012 133 1062 195 387

72 291 201 367 phorico
211 301 353 367 usurpant
362 292 402 350 ad
415 292 651 367 significandum,
667 291 795 350 termino
808 291 957 363 materiae,
973 311 1064 352 omne

73 379 344 453 indeterminatum,
361 381 441 439 circa
455 380 537 455 quod
551 381 598 439 vel
614 398 655 439 ex,
665 398 725 455 quo
740 380 854 455 aliquid
867 380 915 454 fit3
936 382 1064 440 termino

73 487 146 527 vero
169 470 300 541 formae,
324 469 355 529 id
377 487 482 540 omne,
505 469 587 544 quod
608 469 647 528 ad
668 480 782 528 certum
803 469 920 529 essendi
942 470 1064 529 modum

72 576 137 617 rem
158 557 346 619 determinat.
379 558 428 617 Sic
441 576 495 617 usn
509 557 618 634 evenit,
639 568 670 617 ut
690 558 721 616 in
742 558 812 634 ipsis
831 559 919 617 rebus
934 558 1064 634 spiritua·
1162 620 1163 623 ,

72 646 159 719 libus,
176 666 201 706 e.
213 666 241 723 g.
257 647 289 706 in
303 648 503 718 sacramentis,
518 647 701 723 distinguant
714 648 869 707 materiam
884 655 913 706 et
928 648 1062 707 formam.
1162 708 1163 713 ,

100 835 104 843 .
136 788 253 861 Quibus
267 787 433 860 declaratis,
451 788 475 847 si
489 788 528 846 ad
542 788 697 847 materiam
712 799 741 847 et
755 789 881 847 formam
897 807 984 847 sensu
998 808 1064 866 pro·
1162 828 1163 833 κ

74 876 142 952 prio
157 878 345 949 attendimus,
360 877 516 936 notionum
531 878 647 935 illarum
662 877 794 936 omnium
808 878 884 936 haec
894 876 957 936 fieri
967 889 1065 964 potest

468 1026 669 1077 SYNTHESiS.

134 1144 157 1199 I.
181 1153 312 1203 Materia:
340 1142 505 1201 subiectum
526 1141 802 1214 indeterminatum,
825 1143 879 1201 sed
900 1153 1000 1219 aptum
1023 1144 1063 1201 ad

74 1231 283 1305 recipiendum
303 1241 399 1290 certas
420 1231 692 1290 determinationes
1162 1230 1163 1235 ’

136 1323 173 1379 Α.
195 1320 328 1379 Materia
343 1323 461 1398 prima:
481 1320 587 1380 entitas
609 1322 695 1380 realis
715 1330 781 1391 etc„
803 1332 951 1397 utsupra.

15 1471 16 1494 ἦ
133 1411 167 1469 Β.
189 1410 479 1469 Materiasaunda:
506 1428 615 1487 corpus
640 1410 688 1468 vel
716 1410 912 1485 compositum
933 1412 1064 1469 substan-

72 1498 144 1557 tiale
172 1515 209 1557 ex
236 1499 359 1558 materia
387 1498 484 1576 prima
508 1509 538 1557 et
566 1499 677 1569 sonna,
707 1498 926 1557 consideratum
947 1509 978 1557 nt
999 1500 1063 1557 sub-

72 1587 185 1646 iectum
206 1598 307 1663 aptum
327 1588 368 1646 ad
388 1587 595 1664 recipiendum
623 1587 902 1646 determinationem
927 1588 1062 1646 acciden-

71 1678 173 1749 talem,
196 1695 255 1751 qua
275 1680 307 1735 fit
328 1678 420 1737 lectus
440 1695 467 1735 e.
489 1696 517 1752 g.
539 1678 586 1736 vel
608 1686 711 1735 staura.

135 1804 173 1862 ΙΙ.
196 1812 311 1861 Forma:
340 1802 387 1874 id,
417 1802 500 1878 quod
520 1819 584 1861 rem
606 1802 645 1860 ad
666 1812 780 1861 certum
800 1802 918 1860 essendi
939 1802 1062 1862 modum

39 1950 42 1956 ,
73 1892 262 1950 determinat.

135 1983 173 2040 Α.
196 1981 386 2040 Extrinscca:
415 2000 467 2052 ea,
498 2000 576 2056 quae
605 1991 649 2040 est
676 1990 758 2040 extra
786 1999 864 2053 rem,
896 1999 985 2056 quam
1014 1982 1063 2040 de·

72 2072 221 2129 terminat.
259 2073 327 2130 Est:

138 2181 163 2218 1.
185 2161 300 2218 idcalis:
323 2159 365 2218 rei
387 2159 547 2219 similitudo
568 2160 598 2217 in
620 2168 822 2235 cognoscente
845 2154 945 2234 (causa
963 2177 1062 2218 exem-

72 2242 193 2324 piaris)3

136 2358 162 2396 2.
186 2341 334 2397 assertam:
362 2356 440 2413 quae
461 2348 614 2414 tamquam
635 2355 723 2396 causa
745 2336 877 2396 efficiens
898 2338 1061 2396 subiectmn

72 2438 175 2486 movet
195 2427 376 2502 forinsecus3
397 2428 462 2486 talis
482 2438 527 2485 est
547 2445 572 2486 e.
588 2445 616 2502 g.
633 2428 736 2485 anulus
755 2445 843 2485 cerae
858 2428 1060 2486 characterem

14 2526 21 2563 θ
71 2516 256 2592 imprimens.
1008 2509 1010 2512 ’

86 2639 89 2645 .
132 2607 166 2664 B.
182 2605 357 2663 Intrinseca:
371 2623 448 2680 quae
459 2615 503 2664 est
513 2606 590 2663 intra
600 2623 672 2676 rem,
684 2622 774 2679 quam
784 2604 970 2663 determinat.
993 2606 1059 2663 Est:

137 2715 162 2753 1.
186 2695 379 2752 acadentalzr:
406 2712 483 2769 quae
509 2694 688 2754 determinat
708 2712 771 2752 rem
792 2693 823 2750 in
844 2711 908 2752 esse
930 2695 1060 2768 quodam

15 2837 17 2871 ἓ
70 2784 252 2843 secundario
274 2778 381 2858 (forma
402 2777 615 2857 rotunditatis)3

137 2893 162 2931 2.
184 2873 394 2932 substantialis:
415 2891 492 2948 quae
514 2872 694 2931 determinat
714 2890 777 2930 rem
799 2873 830 2929 in
852 2889 916 2930 esse
937 2889 990 2930 suo
1005 2871 1061 2946 pri·
1162 2919 1163 2924 ,

70 2962 168 3020 mario
190 2956 349 3037 (essentia).
391 2965 479 3021 Haec
500 2973 558 3020 est:

132 3046 162 3126 a)
183 3059 318 3128 separata
347 3046 420 3126 (non
450 3046 640 3125 informans):
675 3051 722 3109 cui
752 3067 814 3108 non
844 3048 999 3120 convenit,
1030 3059 1062 3106 ut

15 3130 18 3167 ³
69 3141 191 3199 uniatur
210 3140 368 3200 intrinsece
390 3141 524 3199 subiecto
545 3140 690 3198 materiali
711 3133 832 3216 (Deus)3
962 3201 966 3207 ,

133 3229 166 3301 b)
188 3229 369 3304 informans:
392 3229 438 3288 cui
460 3229 611 3299 convenit,
628 3237 664 3286 ut
684 3227 800 3286 uniatur
821 3225 980 3284 intrinsece
1002 3245 1061 3282 ma-

69 3320 164 3378 teriae
186 3313 294 3393 (forma
313 3319 420 3395 lapidis
440 3320 487 3376 vel
508 3318 626 3375 animae
648 3312 771 3389 omnes).
814 3316 900 3389 Quae
923 3324 980 3372 est:

841 3411 897 3475 25*
