<?xml version="1.0" encoding="UTF-8"?>
<!DOCTYPE html PUBLIC "-//W3C//DTD XHTML 1.0 Transitional//EN"
    "http://www.w3.org/TR/xhtml1/DTD/xhtml1-transitional.dtd">
<html xmlns="http://www.w3.org/1999/xhtml" xml:lang="en" lang="en">
 <head>
  <title>
</title>
<meta http-equiv="Content-Type" content="text/html;charset=utf-8" />
  <meta name='ocr-system' content='tesseract 3.04.00' />
  <meta name='ocr-capabilities' content='ocr_page ocr_carea ocr_par ocr_line ocrx_word'/>
</head>
<body>
  <div class='ocr_page' id='page_1' title='image "./elementaphiloso00reingoog_0364.png"; bbox 0 0 2350 3700; ppageno 0'>
   <div class='ocr_carea' id='block_1_1' title="bbox 957 22 1146 92">
    <p class='ocr_par' dir='ltr' id='par_1_1' title="bbox 957 22 1146 92">
     <span class='ocr_line' id='line_1_1' title="bbox 957 22 1146 92; baseline -0.005 -21"><span class='ocrx_word' id='word_1_1' title='bbox 957 22 1146 92; x_wconf 59' lang='grc' dir='ltr'><strong>πῖ</strong></span> 
     </span>
    </p>
   </div>
   <div class='ocr_carea' id='block_1_2' title="bbox 41 125 820 203">
    <p class='ocr_par' dir='ltr' id='par_1_2' title="bbox 41 125 820 203">
     <span class='ocr_line' id='line_1_2' title="bbox 41 125 820 203; baseline -0.003 -10"><span class='ocrx_word' id='word_1_2' title='bbox 41 125 42 131; x_wconf 50' lang='lat'>¹</span> <span class='ocrx_word' id='word_1_3' title='bbox 115 153 166 203; x_wconf 78' lang='lat'><strong>332</strong></span> <span class='ocrx_word' id='word_1_4' title='bbox 394 154 433 191; x_wconf 81' lang='lat' dir='ltr'><strong>DE</strong></span> <span class='ocrx_word' id='word_1_5' title='bbox 452 154 640 197; x_wconf 72' lang='lat' dir='ltr'>QUANTITATE</span> <span class='ocrx_word' id='word_1_6' title='bbox 659 154 820 191; x_wconf 82' lang='lat' dir='ltr'>CORPOREA.</span> 
     </span>
    </p>
   </div>
   <div class='ocr_carea' id='block_1_3' title="bbox 38 293 1107 467">
    <p class='ocr_par' dir='ltr' id='par_1_3' title="bbox 38 293 1107 467">
     <span class='ocr_line' id='line_1_3' title="bbox 38 293 1107 377; baseline -0.001 -19"><span class='ocrx_word' id='word_1_7' title='bbox 38 293 39 298; x_wconf 62' lang='grc'>’</span> <span class='ocrx_word' id='word_1_8' title='bbox 113 300 210 377; x_wconf 89' lang='lat' dir='ltr'><strong>ipsum</strong></span> <span class='ocrx_word' id='word_1_9' title='bbox 237 300 407 360; x_wconf 84' lang='lat' dir='ltr'><strong>immediate</strong></span> <span class='ocrx_word' id='word_1_10' title='bbox 435 301 601 362; x_wconf 85' lang='lat' dir='ltr'><strong>extrinsece</strong></span> <span class='ocrx_word' id='word_1_11' title='bbox 629 302 780 373; x_wconf 77' lang='lat' dir='ltr'><strong>ambienS,</strong></span> <span class='ocrx_word' id='word_1_12' title='bbox 811 304 895 361; x_wconf 85' lang='lat' dir='ltr'><strong>locus</strong></span> <span class='ocrx_word' id='word_1_13' title='bbox 924 320 993 361; x_wconf 90' lang='lat' dir='ltr'><strong>vero</strong></span> <span class='ocrx_word' id='word_1_14' title='bbox 1022 320 1107 360; x_wconf 93' lang='lat' dir='ltr'><strong>com·</strong></span> 
     </span>
     <span class='ocr_line' id='line_1_4' title="bbox 113 390 468 467; baseline 0 -18"><span class='ocrx_word' id='word_1_15' title='bbox 113 390 210 449; x_wconf 90' lang='lat' dir='ltr'><strong>munis</strong></span> <span class='ocrx_word' id='word_1_16' title='bbox 230 401 275 449; x_wconf 91' lang='lat' dir='ltr'><strong>est</strong></span> <span class='ocrx_word' id='word_1_17' title='bbox 295 408 321 449; x_wconf 89' lang='lat' dir='ltr'><strong>e.</strong></span> <span class='ocrx_word' id='word_1_18' title='bbox 343 410 371 467; x_wconf 87' lang='lat' dir='ltr'><strong>g.</strong></span> <span class='ocrx_word' id='word_1_19' title='bbox 394 392 468 449; x_wconf 90' lang='lat' dir='ltr'><strong>aula.</strong></span> 
     </span>
    </p>
   </div>
   <div class='ocr_carea' id='block_1_4' title="bbox 110 488 1114 1278">
    <p class='ocr_par' dir='ltr' id='par_1_4' title="bbox 110 488 1114 1278">
     <span class='ocr_line' id='line_1_5' title="bbox 174 488 1111 566; baseline -0.003 -18"><span class='ocrx_word' id='word_1_20' title='bbox 174 507 270 564; x_wconf 89' lang='lat' dir='ltr'><strong>eaque</strong></span> <span class='ocrx_word' id='word_1_21' title='bbox 290 491 447 559; x_wconf 82' lang='lat' dir='ltr'><strong>immobilis,</strong></span> <span class='ocrx_word' id='word_1_22' title='bbox 469 508 529 565; x_wconf 90' lang='lat' dir='ltr'><strong>quo</strong></span> <span class='ocrx_word' id='word_1_23' title='bbox 550 490 644 548; x_wconf 91' lang='lat' dir='ltr'><strong>verbo</strong></span> <span class='ocrx_word' id='word_1_24' title='bbox 665 488 814 549; x_wconf 90' lang='lat' dir='ltr'><strong>indicatur</strong></span> <span class='ocrx_word' id='word_1_25' title='bbox 835 490 1020 566; x_wconf 85' lang='lat' dir='ltr'><strong>superficiem</strong></span> <span class='ocrx_word' id='word_1_26' title='bbox 1043 508 1111 548; x_wconf 90' lang='lat' dir='ltr'><strong>cor-</strong></span> 
     </span>
     <span class='ocr_line' id='line_1_6' title="bbox 113 576 1111 654; baseline -0.001 -17"><span class='ocrx_word' id='word_1_27' title='bbox 113 576 195 654; x_wconf 89' lang='lat' dir='ltr'><strong>poris</strong></span> <span class='ocrx_word' id='word_1_28' title='bbox 229 576 410 637; x_wconf 87' lang='lat' dir='ltr'><strong>continentis</strong></span> <span class='ocrx_word' id='word_1_29' title='bbox 439 598 502 637; x_wconf 92' lang='lat' dir='ltr'><strong>non</strong></span> <span class='ocrx_word' id='word_1_30' title='bbox 531 577 645 637; x_wconf 89' lang='lat' dir='ltr'><strong>habere</strong></span> <span class='ocrx_word' id='word_1_31' title='bbox 675 579 821 638; x_wconf 90' lang='lat' dir='ltr'><strong>rationem</strong></span> <span class='ocrx_word' id='word_1_32' title='bbox 851 579 912 638; x_wconf 92' lang='lat' dir='ltr'><strong>loci</strong></span> <span class='ocrx_word' id='word_1_33' title='bbox 941 581 1111 637; x_wconf 91' lang='lat' dir='ltr'><strong>secundum</strong></span> 
     </span>
     <span class='ocr_line' id='line_1_7' title="bbox 115 667 1113 743; baseline 0 -18"><span class='ocrx_word' id='word_1_34' title='bbox 115 667 310 743; x_wconf 82' lang='lat' dir='ltr'><strong>quantitatem</strong></span> <span class='ocrx_word' id='word_1_35' title='bbox 331 686 414 725; x_wconf 91' lang='lat' dir='ltr'><strong>suam</strong></span> <span class='ocrx_word' id='word_1_36' title='bbox 435 667 591 743; x_wconf 82' lang='lat' dir='ltr'><strong>physicam</strong></span> <span class='ocrx_word' id='word_1_37' title='bbox 611 686 712 743; x_wconf 91' lang='lat' dir='ltr'><strong>neque</strong></span> <span class='ocrx_word' id='word_1_38' title='bbox 733 668 898 727; x_wconf 90' lang='lat' dir='ltr'><strong>secundum</strong></span> <span class='ocrx_word' id='word_1_39' title='bbox 922 668 1113 727; x_wconf 86' lang='lat' dir='ltr'><strong>materialem</strong></span> 
     </span>
     <span class='ocr_line' id='line_1_8' title="bbox 114 756 1113 832; baseline 0 -17"><span class='ocrx_word' id='word_1_40' title='bbox 114 776 196 816; x_wconf 90' lang='lat' dir='ltr'><strong>suam</strong></span> <span class='ocrx_word' id='word_1_41' title='bbox 218 756 386 828; x_wconf 88' lang='lat' dir='ltr'><strong>entitatem,</strong></span> <span class='ocrx_word' id='word_1_42' title='bbox 410 774 486 831; x_wconf 89' lang='lat' dir='ltr'><strong>quae</strong></span> <span class='ocrx_word' id='word_1_43' title='bbox 508 767 606 831; x_wconf 89' lang='lat' dir='ltr'><strong>potest</strong></span> <span class='ocrx_word' id='word_1_44' title='bbox 627 758 746 829; x_wconf 91' lang='lat' dir='ltr'><strong>mutari,</strong></span> <span class='ocrx_word' id='word_1_45' title='bbox 770 758 1023 832; x_wconf 85' lang='lat' dir='ltr'><strong>quemadmodum</strong></span> <span class='ocrx_word' id='word_1_46' title='bbox 1047 776 1113 815; x_wconf 93' lang='lat' dir='ltr'><strong>mu·</strong></span> 
     </span>
     <span class='ocr_line' id='line_1_9' title="bbox 114 845 1114 923; baseline 0.001 -19"><span class='ocrx_word' id='word_1_47' title='bbox 114 856 191 904; x_wconf 89' lang='lat' dir='ltr'><strong>tatur</strong></span> <span class='ocrx_word' id='word_1_48' title='bbox 218 853 270 903; x_wconf 71' lang='lat' dir='ltr'><strong>aer</strong></span> <span class='ocrx_word' id='word_1_49' title='bbox 297 846 379 904; x_wconf 89' lang='lat' dir='ltr'><strong>circa</strong></span> <span class='ocrx_word' id='word_1_50' title='bbox 405 845 508 904; x_wconf 91' lang='lat' dir='ltr'><strong>turrim</strong></span> <span class='ocrx_word' id='word_1_51' title='bbox 537 857 567 905; x_wconf 90' lang='lat' dir='ltr'><strong>et</strong></span> <span class='ocrx_word' id='word_1_52' title='bbox 594 865 673 921; x_wconf 88' lang='lat' dir='ltr'><strong>aqua</strong></span> <span class='ocrx_word' id='word_1_53' title='bbox 702 846 795 905; x_wconf 89' lang='lat' dir='ltr'><strong>fluens</strong></span> <span class='ocrx_word' id='word_1_54' title='bbox 826 847 908 905; x_wconf 90' lang='lat' dir='ltr'><strong>circa</strong></span> <span class='ocrx_word' id='word_1_55' title='bbox 935 848 1114 923; x_wconf 82' lang='lat' dir='ltr'><strong>scopulum3</strong></span> 
     </span>
     <span class='ocr_line' id='line_1_10' title="bbox 114 935 1114 1011; baseline -0.001 -17"><span class='ocrx_word' id='word_1_56' title='bbox 114 936 168 994; x_wconf 92' lang='lat' dir='ltr'><strong>sed</strong></span> <span class='ocrx_word' id='word_1_57' title='bbox 194 936 306 994; x_wconf 90' lang='lat' dir='ltr'><strong>habere</strong></span> <span class='ocrx_word' id='word_1_58' title='bbox 334 935 482 994; x_wconf 89' lang='lat' dir='ltr'><strong>rationem</strong></span> <span class='ocrx_word' id='word_1_59' title='bbox 510 935 572 993; x_wconf 90' lang='lat' dir='ltr'><strong>loci</strong></span> <span class='ocrx_word' id='word_1_60' title='bbox 600 937 749 993; x_wconf 81' lang='lat' dir='ltr'><strong>secandam</strong></span> <span class='ocrx_word' id='word_1_61' title='bbox 783 939 970 1011; x_wconf 81' lang='lat' dir='ltr'><strong>quantitatem</strong></span> <span class='ocrx_word' id='word_1_62' title='bbox 1002 937 1114 994; x_wconf 78' lang='lat' dir='ltr'><strong>intelle-</strong></span> 
     </span>
     <span class='ocr_line' id='line_1_11' title="bbox 110 1024 1112 1100; baseline -0.001 -18"><span class='ocrx_word' id='word_1_63' title='bbox 110 1025 223 1097; x_wconf 82' lang='lat' dir='ltr'><strong>gibilem</strong></span> <span class='ocrx_word' id='word_1_64' title='bbox 244 1025 292 1082; x_wconf 91' lang='lat' dir='ltr'><strong>vel</strong></span> <span class='ocrx_word' id='word_1_65' title='bbox 307 1024 558 1097; x_wconf 85' lang='lat' dir='ltr'><strong>mathematicam,</strong></span> <span class='ocrx_word' id='word_1_66' title='bbox 580 1024 612 1082; x_wconf 92' lang='lat' dir='ltr'><strong>in</strong></span> <span class='ocrx_word' id='word_1_67' title='bbox 629 1043 688 1100; x_wconf 88' lang='lat' dir='ltr'><strong>qua</strong></span> <span class='ocrx_word' id='word_1_68' title='bbox 704 1024 912 1084; x_wconf 89' lang='lat' dir='ltr'><strong>consideratur</strong></span> <span class='ocrx_word' id='word_1_69' title='bbox 925 1025 1011 1084; x_wconf 88' lang='lat' dir='ltr'><strong>unice</strong></span> <span class='ocrx_word' id='word_1_70' title='bbox 1023 1027 1112 1093; x_wconf 84' lang='lat' dir='ltr'><strong>situs,</strong></span> 
     </span>
     <span class='ocr_line' id='line_1_12' title="bbox 113 1112 1112 1191; baseline 0.001 -20"><span class='ocrx_word' id='word_1_71' title='bbox 113 1114 182 1171; x_wconf 84' lang='lat' dir='ltr'><strong>orda</strong></span> <span class='ocrx_word' id='word_1_72' title='bbox 203 1125 292 1188; x_wconf 90' lang='lat' dir='ltr'><strong>atque</strong></span> <span class='ocrx_word' id='word_1_73' title='bbox 313 1114 450 1170; x_wconf 83' lang='lat' dir='ltr'><strong>distantia</strong></span> <span class='ocrx_word' id='word_1_74' title='bbox 478 1112 601 1172; x_wconf 87' lang='lat' dir='ltr'><strong>alicuius</strong></span> <span class='ocrx_word' id='word_1_75' title='bbox 629 1113 732 1187; x_wconf 88' lang='lat' dir='ltr'><strong>puncti</strong></span> <span class='ocrx_word' id='word_1_76' title='bbox 760 1114 937 1185; x_wconf 91' lang='lat' dir='ltr'><strong>immobilis,</strong></span> <span class='ocrx_word' id='word_1_77' title='bbox 968 1125 1038 1191; x_wconf 90' lang='lat' dir='ltr'><strong>puta</strong></span> <span class='ocrx_word' id='word_1_78' title='bbox 1069 1114 1112 1172; x_wconf 91' lang='lat' dir='ltr'><strong>ad</strong></span> 
     </span>
     <span class='ocr_line' id='line_1_13' title="bbox 114 1202 637 1278; baseline 0.004 -19"><span class='ocrx_word' id='word_1_79' title='bbox 114 1203 202 1278; x_wconf 91' lang='lat' dir='ltr'><strong>polos</strong></span> <span class='ocrx_word' id='word_1_80' title='bbox 221 1203 270 1261; x_wconf 91' lang='lat' dir='ltr'><strong>vel</strong></span> <span class='ocrx_word' id='word_1_81' title='bbox 290 1202 329 1259; x_wconf 88' lang='lat' dir='ltr'><strong>ad</strong></span> <span class='ocrx_word' id='word_1_82' title='bbox 351 1212 487 1260; x_wconf 86' lang='lat' dir='ltr'><strong>centrum</strong></span> <span class='ocrx_word' id='word_1_83' title='bbox 507 1211 606 1261; x_wconf 86' lang='lat' dir='ltr'><strong>terrae</strong></span> <span class='ocrx_word' id='word_1_84' title='bbox 621 1203 637 1261; x_wconf 94' lang='lat'><strong>¹.</strong></span> 
     </span>
    </p>
   </div>
   <div class='ocr_carea' id='block_1_5' title="bbox 114 1318 1160 2116">
    <p class='ocr_par' dir='ltr' id='par_1_5' title="bbox 114 1318 1112 1661">
     <span class='ocr_line' id='line_1_14' title="bbox 174 1318 1112 1392; baseline -0.001 -18"><span class='ocrx_word' id='word_1_85' title='bbox 174 1319 211 1375; x_wconf 93' lang='lat' dir='ltr'><strong>II.</strong></span> <span class='ocrx_word' id='word_1_86' title='bbox 242 1329 286 1375; x_wconf 87' lang='lat' dir='ltr'><strong>De</strong></span> <span class='ocrx_word' id='word_1_87' title='bbox 304 1328 368 1391; x_wconf 80' lang='lat' dir='ltr'><strong>ipso</strong></span> <span class='ocrx_word' id='word_1_88' title='bbox 388 1335 530 1390; x_wconf 84' lang='lat' dir='ltr'><strong>conceptu</strong></span> <span class='ocrx_word' id='word_1_89' title='bbox 556 1326 647 1390; x_wconf 82' lang='lat' dir='ltr'><strong>spatii.</strong></span> <span class='ocrx_word' id='word_1_90' title='bbox 687 1318 821 1392; x_wconf 84' lang='lat' dir='ltr'><strong>Spatium</strong></span> <span class='ocrx_word' id='word_1_91' title='bbox 851 1327 951 1376; x_wconf 87' lang='lat' dir='ltr'><strong>autem</strong></span> <span class='ocrx_word' id='word_1_92' title='bbox 985 1328 1028 1377; x_wconf 85' lang='lat' dir='ltr'><strong>est</strong></span> <span class='ocrx_word' id='word_1_93' title='bbox 1059 1335 1112 1374; x_wconf 89' lang='lat' dir='ltr'><strong>ex·</strong></span> 
     </span>
     <span class='ocr_line' id='line_1_15' title="bbox 114 1406 1111 1483; baseline -0.002 -18"><span class='ocrx_word' id='word_1_94' title='bbox 114 1406 209 1465; x_wconf 90' lang='lat' dir='ltr'><strong>tensio</strong></span> <span class='ocrx_word' id='word_1_95' title='bbox 237 1425 274 1465; x_wconf 85' lang='lat' dir='ltr'><strong>ex</strong></span> <span class='ocrx_word' id='word_1_96' title='bbox 300 1426 364 1466; x_wconf 90' lang='lat' dir='ltr'><strong>non</strong></span> <span class='ocrx_word' id='word_1_97' title='bbox 391 1407 556 1482; x_wconf 89' lang='lat' dir='ltr'><strong>interrupta</strong></span> <span class='ocrx_word' id='word_1_98' title='bbox 583 1406 825 1465; x_wconf 88' lang='lat' dir='ltr'><strong>coexsistentium</strong></span> <span class='ocrx_word' id='word_1_99' title='bbox 848 1424 1010 1483; x_wconf 91' lang='lat' dir='ltr'><strong>corporum</strong></span> <span class='ocrx_word' id='word_1_100' title='bbox 1029 1406 1111 1465; x_wconf 88' lang='lat' dir='ltr'><strong>serie</strong></span> 
     </span>
     <span class='ocr_line' id='line_1_16' title="bbox 114 1495 1112 1571; baseline -0.001 -18"><span class='ocrx_word' id='word_1_101' title='bbox 114 1496 287 1567; x_wconf 88' lang='lat' dir='ltr'><strong>constituta,</strong></span> <span class='ocrx_word' id='word_1_102' title='bbox 319 1496 509 1555; x_wconf 88' lang='lat' dir='ltr'><strong>considerata</strong></span> <span class='ocrx_word' id='word_1_103' title='bbox 529 1506 561 1553; x_wconf 94' lang='lat' dir='ltr'><strong>ut</strong></span> <span class='ocrx_word' id='word_1_104' title='bbox 581 1496 803 1571; x_wconf 88' lang='lat' dir='ltr'><strong>receptaculum</strong></span> <span class='ocrx_word' id='word_1_105' title='bbox 825 1495 1023 1554; x_wconf 88' lang='lat' dir='ltr'><strong>locandorum</strong></span> <span class='ocrx_word' id='word_1_106' title='bbox 1044 1514 1112 1553; x_wconf 93' lang='lat' dir='ltr'><strong>cor·</strong></span> 
     </span>
     <span class='ocr_line' id='line_1_17' title="bbox 116 1583 631 1661; baseline 0.002 -19"><span class='ocrx_word' id='word_1_107' title='bbox 116 1603 223 1661; x_wconf 92' lang='lat' dir='ltr'><strong>porum</strong></span> <span class='ocrx_word' id='word_1_108' title='bbox 244 1596 439 1660; x_wconf 90' lang='lat' dir='ltr'><strong>motuumque</strong></span> <span class='ocrx_word' id='word_1_109' title='bbox 459 1583 600 1643; x_wconf 89' lang='lat' dir='ltr'><strong>localium</strong></span> <span class='ocrx_word' id='word_1_110' title='bbox 613 1584 631 1643; x_wconf 79' lang='lat'><strong>².</strong></span> 
     </span>
    </p>

    <p class='ocr_par' dir='ltr' id='par_1_6' title="bbox 116 1681 1160 2116">
     <span class='ocr_line' id='line_1_18' title="bbox 178 1681 1113 1760; baseline -0.002 -19"><span class='ocrx_word' id='word_1_111' title='bbox 178 1684 310 1759; x_wconf 87' lang='lat' dir='ltr'><strong>Spatium</strong></span> <span class='ocrx_word' id='word_1_112' title='bbox 331 1681 459 1759; x_wconf 90' lang='lat' dir='ltr'><strong>proinde</strong></span> <span class='ocrx_word' id='word_1_113' title='bbox 479 1683 576 1759; x_wconf 91' lang='lat' dir='ltr'><strong>ipsum</strong></span> <span class='ocrx_word' id='word_1_114' title='bbox 598 1700 720 1758; x_wconf 91' lang='lat' dir='ltr'><strong>quoque</strong></span> <span class='ocrx_word' id='word_1_115' title='bbox 746 1684 904 1760; x_wconf 81' lang='lat' dir='ltr'><strong>superficias</strong></span> <span class='ocrx_word' id='word_1_116' title='bbox 931 1693 977 1741; x_wconf 88' lang='lat' dir='ltr'><strong>est</strong></span> <span class='ocrx_word' id='word_1_117' title='bbox 1004 1693 1035 1741; x_wconf 91' lang='lat' dir='ltr'><strong>et</strong></span> <span class='ocrx_word' id='word_1_118' title='bbox 1063 1700 1113 1741; x_wconf 84' lang='lat' dir='ltr'><strong>ex-</strong></span> 
     </span>
     <span class='ocr_line' id='line_1_19' title="bbox 116 1772 1111 1848; baseline -0.002 -17"><span class='ocrx_word' id='word_1_119' title='bbox 116 1773 228 1847; x_wconf 88' lang='lat' dir='ltr'><strong>tensio,</strong></span> <span class='ocrx_word' id='word_1_120' title='bbox 263 1773 346 1848; x_wconf 88' lang='lat' dir='ltr'><strong>quasi</strong></span> <span class='ocrx_word' id='word_1_121' title='bbox 373 1790 535 1848; x_wconf 91' lang='lat' dir='ltr'><strong>corporum</strong></span> <span class='ocrx_word' id='word_1_122' title='bbox 564 1774 794 1848; x_wconf 88' lang='lat' dir='ltr'><strong>receptaculum.</strong></span> <span class='ocrx_word' id='word_1_123' title='bbox 838 1772 898 1831; x_wconf 88' lang='lat' dir='ltr'><strong>Sed</strong></span> <span class='ocrx_word' id='word_1_124' title='bbox 926 1790 996 1829; x_wconf 91' lang='lat' dir='ltr'><strong>cum</strong></span> <span class='ocrx_word' id='word_1_125' title='bbox 1024 1773 1111 1830; x_wconf 88' lang='lat' dir='ltr'><strong>locus</strong></span> 
     </span>
     <span class='ocr_line' id='line_1_20' title="bbox 117 1859 1160 1940; baseline -0.002 -19"><span class='ocrx_word' id='word_1_126' title='bbox 117 1883 187 1939; x_wconf 91' lang='lat' dir='ltr'><strong>pars</strong></span> <span class='ocrx_word' id='word_1_127' title='bbox 207 1863 294 1940; x_wconf 90' lang='lat' dir='ltr'><strong>spatii</strong></span> <span class='ocrx_word' id='word_1_128' title='bbox 314 1864 366 1934; x_wconf 89' lang='lat' dir='ltr'><strong>sit,</strong></span> <span class='ocrx_word' id='word_1_129' title='bbox 387 1881 465 1938; x_wconf 90' lang='lat' dir='ltr'><strong>quae</strong></span> <span class='ocrx_word' id='word_1_130' title='bbox 486 1880 614 1938; x_wconf 89' lang='lat' dir='ltr'><strong>corpore</strong></span> <span class='ocrx_word' id='word_1_131' title='bbox 636 1872 800 1938; x_wconf 86' lang='lat' dir='ltr'><strong>occupatur</strong></span> <span class='ocrx_word' id='word_1_132' title='bbox 821 1872 850 1920; x_wconf 90' lang='lat' dir='ltr'><strong>et</strong></span> <span class='ocrx_word' id='word_1_133' title='bbox 870 1863 1023 1937; x_wconf 90' lang='lat' dir='ltr'><strong>impletur,</strong></span> <span class='ocrx_word' id='word_1_134' title='bbox 1047 1881 1111 1938; x_wconf 91' lang='lat' dir='ltr'><strong>spa·</strong></span> <span class='ocrx_word' id='word_1_135' title='bbox 1159 1859 1160 1904; x_wconf 77' lang='lat' dir='ltr'><strong>l</strong></span> 
     </span>
     <span class='ocr_line' id='line_1_21' title="bbox 117 1951 1159 2028; baseline -0.001 -19"><span class='ocrx_word' id='word_1_136' title='bbox 117 1953 190 2011; x_wconf 90' lang='lat' dir='ltr'><strong>tium</strong></span> <span class='ocrx_word' id='word_1_137' title='bbox 211 1963 255 2011; x_wconf 93' lang='lat' dir='ltr'><strong>est</strong></span> <span class='ocrx_word' id='word_1_138' title='bbox 275 1962 369 2010; x_wconf 91' lang='lat' dir='ltr'><strong>totum</strong></span> <span class='ocrx_word' id='word_1_139' title='bbox 390 1951 602 2026; x_wconf 88' lang='lat' dir='ltr'><strong>magnitudinis</strong></span> <span class='ocrx_word' id='word_1_140' title='bbox 622 1951 809 2010; x_wconf 85' lang='lat' dir='ltr'><strong>intervallum</strong></span> <span class='ocrx_word' id='word_1_141' title='bbox 830 1952 868 2009; x_wconf 91' lang='lat' dir='ltr'><strong>ab</strong></span> <span class='ocrx_word' id='word_1_142' title='bbox 897 1952 949 2010; x_wconf 91' lang='lat' dir='ltr'><strong>illo</strong></span> <span class='ocrx_word' id='word_1_143' title='bbox 980 1969 1108 2028; x_wconf 87' lang='lat' dir='ltr'><strong>corpore</strong></span> <span class='ocrx_word' id='word_1_144' title='bbox 1158 1963 1159 1976; x_wconf 64' lang='lat'>¹</span> 
     </span>
     <span class='ocr_line' id='line_1_22' title="bbox 117 2041 462 2116; baseline -0.003 -16"><span class='ocrx_word' id='word_1_145' title='bbox 117 2041 254 2100; x_wconf 89' lang='lat' dir='ltr'><strong>nondum</strong></span> <span class='ocrx_word' id='word_1_146' title='bbox 274 2041 432 2116; x_wconf 90' lang='lat' dir='ltr'><strong>impletum</strong></span> <span class='ocrx_word' id='word_1_147' title='bbox 443 2042 462 2099; x_wconf 86' lang='lat'><strong>⁸.</strong></span> 
     </span>
    </p>
   </div>
   <div class='ocr_carea' id='block_1_6' title="bbox 177 2118 1156 2215">
    <p class='ocr_par' dir='ltr' id='par_1_7' title="bbox 177 2118 1156 2215">
     <span class='ocr_line' id='line_1_23' title="bbox 177 2118 1156 2215; baseline -0.006 -17"><span class='ocrx_word' id='word_1_148' title='bbox 177 2143 240 2198; x_wconf 92' lang='lat' dir='ltr'><strong>Iam</strong></span> <span class='ocrx_word' id='word_1_149' title='bbox 261 2157 333 2198; x_wconf 90' lang='lat' dir='ltr'><strong>vero</strong></span> <span class='ocrx_word' id='word_1_150' title='bbox 354 2139 482 2215; x_wconf 86' lang='lat' dir='ltr'><strong>spatium</strong></span> <span class='ocrx_word' id='word_1_151' title='bbox 502 2139 613 2215; x_wconf 86' lang='lat' dir='ltr'><strong>duplex</strong></span> <span class='ocrx_word' id='word_1_152' title='bbox 634 2138 837 2215; x_wconf 86' lang='lat' dir='ltr'><strong>distinguitur:</strong></span> <span class='ocrx_word' id='word_1_153' title='bbox 860 2139 941 2197; x_wconf 90' lang='lat' dir='ltr'><strong>reale</strong></span> <span class='ocrx_word' id='word_1_154' title='bbox 964 2118 995 2197; x_wconf 82' lang='lat' dir='ltr'><strong>et</strong></span> <span class='ocrx_word' id='word_1_155' title='bbox 1008 2137 1107 2213; x_wconf 86' lang='lat' dir='ltr'><strong>imagi·</strong></span> <span class='ocrx_word' id='word_1_156' title='bbox 1155 2131 1156 2192; x_wconf 85' lang='lat' dir='ltr'><strong>l</strong></span> 
     </span>
    </p>
   </div>
   <div class='ocr_carea' id='block_1_7' title="bbox 118 2223 1155 2408">
    <p class='ocr_par' dir='ltr' id='par_1_8' title="bbox 118 2223 1155 2408">
     <span class='ocr_line' id='line_1_24' title="bbox 118 2223 1155 2288; baseline -0.001 0"><span class='ocrx_word' id='word_1_157' title='bbox 118 2230 243 2288; x_wconf 89' lang='lat' dir='ltr'><strong>narium.</strong></span> <span class='ocrx_word' id='word_1_158' title='bbox 1154 2223 1155 2264; x_wconf 78' lang='lat' dir='ltr'><strong>t</strong></span> 
     </span>
     <span class='ocr_line' id='line_1_25' title="bbox 179 2327 1153 2408; baseline -0.005 -22"><span class='ocrx_word' id='word_1_159' title='bbox 179 2328 312 2404; x_wconf 88' lang='lat' dir='ltr'><strong>Spatium</strong></span> <span class='ocrx_word' id='word_1_160' title='bbox 339 2327 416 2385; x_wconf 76' lang='lat' dir='ltr'><strong>reale</strong></span> <span class='ocrx_word' id='word_1_161' title='bbox 443 2336 488 2385; x_wconf 90' lang='lat' dir='ltr'><strong>est</strong></span> <span class='ocrx_word' id='word_1_162' title='bbox 516 2327 640 2384; x_wconf 82' lang='lat' dir='ltr'><strong>extensio</strong></span> <span class='ocrx_word' id='word_1_163' title='bbox 668 2327 755 2384; x_wconf 84' lang='lat' dir='ltr'><strong>realis</strong></span> <span class='ocrx_word' id='word_1_164' title='bbox 781 2345 817 2383; x_wconf 82' lang='lat' dir='ltr'><strong>cx</strong></span> <span class='ocrx_word' id='word_1_165' title='bbox 851 2345 908 2383; x_wconf 85' lang='lat' dir='ltr'><strong>nan</strong></span> <span class='ocrx_word' id='word_1_166' title='bbox 944 2327 1105 2402; x_wconf 82' lang='lat' dir='ltr'><strong>interrupta</strong></span> <span class='ocrx_word' id='word_1_167' title='bbox 1148 2343 1153 2408; x_wconf 59' lang='lat' dir='ltr'><strong>t</strong></span> 
     </span>
    </p>
   </div>
   <div class='ocr_carea' id='block_1_8' title="bbox 117 2414 1152 2950">
    <p class='ocr_par' dir='ltr' id='par_1_9' title="bbox 118 2414 1152 2584">
     <span class='ocr_line' id='line_1_26' title="bbox 118 2414 1152 2492; baseline -0.003 -17"><span class='ocrx_word' id='word_1_168' title='bbox 118 2419 337 2476; x_wconf 80' lang='lat' dir='ltr'><strong>coexsistentiam</strong></span> <span class='ocrx_word' id='word_1_169' title='bbox 357 2425 505 2492; x_wconf 81' lang='lat' dir='ltr'><strong>carporum</strong></span> <span class='ocrx_word' id='word_1_170' title='bbox 525 2417 597 2473; x_wconf 82' lang='lat' dir='ltr'><strong>reric</strong></span> <span class='ocrx_word' id='word_1_171' title='bbox 616 2416 781 2484; x_wconf 82' lang='lat' dir='ltr'><strong>constituta,</strong></span> <span class='ocrx_word' id='word_1_172' title='bbox 804 2414 995 2473; x_wconf 89' lang='lat' dir='ltr'><strong>considerata</strong></span> <span class='ocrx_word' id='word_1_173' title='bbox 1016 2425 1049 2473; x_wconf 93' lang='lat' dir='ltr'><strong>ut</strong></span> <span class='ocrx_word' id='word_1_174' title='bbox 1069 2432 1106 2472; x_wconf 81' lang='lat' dir='ltr'><strong>re</strong></span> <span class='ocrx_word' id='word_1_175' title='bbox 1151 2417 1152 2428; x_wconf 49' lang='lat'><em>*</em></span> 
     </span>
     <span class='ocr_line' id='line_1_27' title="bbox 118 2503 1104 2584; baseline -0.006 -19"><span class='ocrx_word' id='word_1_176' title='bbox 118 2507 305 2584; x_wconf 89' lang='lat' dir='ltr'><strong>ceptaculum</strong></span> <span class='ocrx_word' id='word_1_177' title='bbox 325 2505 522 2564; x_wconf 88' lang='lat' dir='ltr'><strong>locandorum</strong></span> <span class='ocrx_word' id='word_1_178' title='bbox 548 2521 708 2579; x_wconf 90' lang='lat' dir='ltr'><strong>corporum</strong></span> <span class='ocrx_word' id='word_1_179' title='bbox 736 2514 931 2578; x_wconf 90' lang='lat' dir='ltr'><strong>motuumque</strong></span> <span class='ocrx_word' id='word_1_180' title='bbox 959 2503 1104 2562; x_wconf 88' lang='lat' dir='ltr'><strong>localium.</strong></span> 
     </span>
    </p>

    <p class='ocr_par' dir='ltr' id='par_1_10' title="bbox 117 2592 1105 2950">
     <span class='ocr_line' id='line_1_28' title="bbox 178 2592 1105 2681; baseline -0.006 -17"><span class='ocrx_word' id='word_1_181' title='bbox 178 2605 311 2681; x_wconf 89' lang='lat' dir='ltr'><strong>Spatium</strong></span> <span class='ocrx_word' id='word_1_182' title='bbox 338 2605 540 2677; x_wconf 81' lang='lat' dir='ltr'><strong>imaginariam</strong></span> <span class='ocrx_word' id='word_1_183' title='bbox 568 2613 613 2661; x_wconf 92' lang='lat' dir='ltr'><strong>est</strong></span> <span class='ocrx_word' id='word_1_184' title='bbox 643 2592 806 2661; x_wconf 80' lang='lat' dir='ltr'><strong>«immensa</strong></span> <span class='ocrx_word' id='word_1_185' title='bbox 832 2601 884 2660; x_wconf 91' lang='lat' dir='ltr'><strong>illa</strong></span> <span class='ocrx_word' id='word_1_186' title='bbox 910 2602 1046 2661; x_wconf 88' lang='lat' dir='ltr'><strong>vacuitas</strong></span> <span class='ocrx_word' id='word_1_187' title='bbox 1076 2621 1105 2660; x_wconf 88' lang='lat' dir='ltr'><strong>ac</strong></span> 
     </span>
     <span class='ocr_line' id='line_1_29' title="bbox 118 2683 1105 2771; baseline -0.007 -17"><span class='ocrx_word' id='word_1_188' title='bbox 118 2695 280 2771; x_wconf 90' lang='lat' dir='ltr'><strong>spatiosum</strong></span> <span class='ocrx_word' id='word_1_189' title='bbox 300 2694 389 2764; x_wconf 90' lang='lat' dir='ltr'><strong>nihil,</strong></span> <span class='ocrx_word' id='word_1_190' title='bbox 421 2693 503 2768; x_wconf 91' lang='lat' dir='ltr'><strong>quod</strong></span> <span class='ocrx_word' id='word_1_191' title='bbox 522 2683 607 2751; x_wconf 83' lang='lat' dir='ltr'><strong>extra</strong></span> <span class='ocrx_word' id='word_1_192' title='bbox 627 2691 712 2749; x_wconf 91' lang='lat' dir='ltr'><strong>huius</strong></span> <span class='ocrx_word' id='word_1_193' title='bbox 733 2691 837 2749; x_wconf 92' lang='lat' dir='ltr'><strong>mundi</strong></span> <span class='ocrx_word' id='word_1_194' title='bbox 863 2690 973 2749; x_wconf 91' lang='lat' dir='ltr'><strong>limites</strong></span> <span class='ocrx_word' id='word_1_195' title='bbox 1002 2691 1043 2749; x_wconf 88' lang='lat' dir='ltr'><strong>ad</strong></span> <span class='ocrx_word' id='word_1_196' title='bbox 1071 2693 1105 2748; x_wconf 91' lang='lat' dir='ltr'><strong>in·</strong></span> 
     </span>
     <span class='ocr_line' id='line_1_30' title="bbox 117 2780 1102 2860; baseline -0.006 -17"><span class='ocrx_word' id='word_1_197' title='bbox 117 2795 177 2843; x_wconf 89' lang='lat' dir='ltr'><strong>star</strong></span> <span class='ocrx_word' id='word_1_198' title='bbox 198 2783 284 2860; x_wconf 91' lang='lat' dir='ltr'><strong>spatii</strong></span> <span class='ocrx_word' id='word_1_199' title='bbox 304 2783 392 2841; x_wconf 90' lang='lat' dir='ltr'><strong>realis</strong></span> <span class='ocrx_word' id='word_1_200' title='bbox 413 2782 477 2841; x_wconf 90' lang='lat' dir='ltr'><strong>sine</strong></span> <span class='ocrx_word' id='word_1_201' title='bbox 497 2784 555 2840; x_wconf 90' lang='lat' dir='ltr'><strong>fine</strong></span> <span class='ocrx_word' id='word_1_202' title='bbox 574 2781 714 2839; x_wconf 89' lang='lat' dir='ltr'><strong>diffusum</strong></span> <span class='ocrx_word' id='word_1_203' title='bbox 735 2790 766 2839; x_wconf 91' lang='lat' dir='ltr'><strong>et</strong></span> <span class='ocrx_word' id='word_1_204' title='bbox 786 2780 939 2838; x_wconf 89' lang='lat' dir='ltr'><strong>immobile</strong></span> <span class='ocrx_word' id='word_1_205' title='bbox 961 2780 994 2837; x_wconf 89' lang='lat' dir='ltr'><strong>in</strong></span> <span class='ocrx_word' id='word_1_206' title='bbox 1009 2781 1102 2838; x_wconf 87' lang='lat' dir='ltr'><strong>animo</strong></span> 
     </span>
     <span class='ocr_line' id='line_1_31' title="bbox 118 2874 318 2950; baseline 0.005 -20"><span class='ocrx_word' id='word_1_207' title='bbox 118 2874 284 2950; x_wconf 75' lang='lat' dir='ltr'><strong>pingimus»</strong></span> <span class='ocrx_word' id='word_1_208' title='bbox 299 2877 318 2931; x_wconf 83' lang='lat'><strong>⁴.</strong></span> 
     </span>
    </p>
   </div>
   <div class='ocr_carea' id='block_1_9' title="bbox 125 3097 1098 3394">
    <p class='ocr_par' dir='ltr' id='par_1_11' title="bbox 180 3097 1098 3321">
     <span class='ocr_line' id='line_1_32' title="bbox 182 3097 1098 3164; baseline -0.002 -17"><span class='ocrx_word' id='word_1_209' title='bbox 182 3099 190 3129; x_wconf 89' lang='lat'><strong>¹</strong></span> <span class='ocrx_word' id='word_1_210' title='bbox 209 3101 304 3149; x_wconf 84' lang='lat' dir='ltr'><strong>Recole</strong></span> <span class='ocrx_word' id='word_1_211' title='bbox 314 3115 351 3159; x_wconf 87' lang='lat' dir='ltr'><strong>ea,</strong></span> <span class='ocrx_word' id='word_1_212' title='bbox 366 3115 430 3162; x_wconf 90' lang='lat' dir='ltr'><strong>quae</strong></span> <span class='ocrx_word' id='word_1_213' title='bbox 440 3115 517 3164; x_wconf 89' lang='lat' dir='ltr'><strong>supra</strong></span> <span class='ocrx_word' id='word_1_214' title='bbox 526 3100 593 3147; x_wconf 86' lang='lat' dir='ltr'><strong>eirca</strong></span> <span class='ocrx_word' id='word_1_215' title='bbox 603 3100 767 3164; x_wconf 85' lang='lat' dir='ltr'><strong>quantitatem</strong></span> <span class='ocrx_word' id='word_1_216' title='bbox 777 3097 982 3148; x_wconf 89' lang='lat' dir='ltr'><strong>mathematicam</strong></span> <span class='ocrx_word' id='word_1_217' title='bbox 996 3101 1098 3148; x_wconf 87' lang='lat' dir='ltr'><strong>diximus.</strong></span> 
     </span>
     <span class='ocr_line' id='line_1_33' title="bbox 180 3175 603 3243; baseline 0.007 -19"><span class='ocrx_word' id='word_1_218' title='bbox 180 3175 191 3206; x_wconf 83' lang='lat'><strong>¹</strong></span> <span class='ocrx_word' id='word_1_219' title='bbox 210 3179 249 3225; x_wconf 81' lang='lat' dir='ltr'><strong>Cf.</strong></span> <span class='ocrx_word' id='word_1_220' title='bbox 269 3179 344 3225; x_wconf 82' lang='lat' dir='ltr'><strong>Pesch</strong></span> <span class='ocrx_word' id='word_1_221' title='bbox 363 3179 379 3225; x_wconf 89' lang='lat' dir='ltr'><strong>l.</strong></span> <span class='ocrx_word' id='word_1_222' title='bbox 400 3195 421 3226; x_wconf 82' lang='lat' dir='ltr'><strong>c.</strong></span> <span class='ocrx_word' id='word_1_223' title='bbox 441 3179 474 3237; x_wconf 90' lang='lat' dir='ltr'><strong>Il,</strong></span> <span class='ocrx_word' id='word_1_224' title='bbox 498 3179 547 3226; x_wconf 89' lang='lat'><strong>126</strong></span> <span class='ocrx_word' id='word_1_225' title='bbox 566 3195 603 3243; x_wconf 88' lang='lat' dir='ltr'><strong>sq.</strong></span> 
     </span>
     <span class='ocr_line' id='line_1_34' title="bbox 181 3255 575 3321; baseline 0.013 -20"><span class='ocrx_word' id='word_1_226' title='bbox 181 3255 192 3285; x_wconf 78' lang='lat'>³</span> <span class='ocrx_word' id='word_1_227' title='bbox 210 3256 249 3302; x_wconf 85' lang='lat' dir='ltr'><strong>Cf.</strong></span> <span class='ocrx_word' id='word_1_228' title='bbox 268 3257 355 3316; x_wconf 64' lang='lat' dir='ltr'><strong>Latrat</strong></span> <span class='ocrx_word' id='word_1_229' title='bbox 372 3256 387 3303; x_wconf 93' lang='lat' dir='ltr'><strong>l.</strong></span> <span class='ocrx_word' id='word_1_230' title='bbox 408 3273 429 3304; x_wconf 90' lang='lat' dir='ltr'><strong>c.</strong></span> <span class='ocrx_word' id='word_1_231' title='bbox 449 3258 495 3316; x_wconf 84' lang='lat'><strong>111,</strong></span> <span class='ocrx_word' id='word_1_232' title='bbox 518 3268 575 3321; x_wconf 81' lang='lat'>105.</span> 
     </span>
    </p>

    <p class='ocr_par' dir='ltr' id='par_1_12' title="bbox 125 3331 371 3394">
     <span class='ocr_line' id='line_1_35' title="bbox 125 3331 371 3394; baseline 0.012 -16"><span class='ocrx_word' id='word_1_233' title='bbox 125 3372 128 3378; x_wconf 92' lang='lat'>.</span> <span class='ocrx_word' id='word_1_234' title='bbox 181 3331 192 3359; x_wconf 85' lang='lat'><strong>⁴</strong></span> <span class='ocrx_word' id='word_1_235' title='bbox 210 3333 297 3394; x_wconf 66' lang='lat' dir='ltr'><strong>Lepidi</strong></span> <span class='ocrx_word' id='word_1_236' title='bbox 312 3332 329 3380; x_wconf 91' lang='lat' dir='ltr'><strong>l.</strong></span> <span class='ocrx_word' id='word_1_237' title='bbox 349 3349 371 3381; x_wconf 91' lang='lat' dir='ltr'><strong>c.</strong></span> 
     </span>
    </p>
   </div>
   <div class='ocr_carea' id='block_1_10' title="bbox 0 0 1187 3700">
    <p class='ocr_par' dir='ltr' id='par_1_13' title="bbox 0 0 1187 3700">
     <span class='ocr_line' id='line_1_36' title="bbox 0 0 1187 3700; baseline 0 0"><span class='ocrx_word' id='word_1_238' title='bbox 0 0 1187 3700; x_wconf 95' lang='lat' dir='ltr'><strong> </strong></span> 
     </span>
    </p>
   </div>
  </div>
 </body>
</html>
