2350 3700
518 118 700 155 DIALECTICA.

118 266 315 343 syllogismus:
348 266 454 326 Omnis
483 265 558 343 lapis
586 276 630 325 est
659 265 841 325 immortalis.
884 265 983 340 Atqui
1016 264 1124 323 anima
1169 296 1170 299 =

118 357 248 415 humana
268 367 312 415 est
340 356 422 431 lapis.
465 358 548 430 Ergo
579 355 679 414 anima
706 355 837 413 humana
857 365 904 413 est
924 354 1121 412 immortalis.

118 477 157 485 -
179 448 259 504 Vera
280 455 324 503 est
344 444 419 503 haec
441 444 603 515 conclusi0‚
625 444 679 503 sed
693 462 755 502 non
769 444 943 513 formaliter,
969 442 989 501 i.
1006 462 1035 502 e.
1057 460 1120 500 non
1164 443 1168 449 '

118 545 241 610 propter
262 535 408 593 rationem
431 533 462 590 in
483 532 655 609 syllogismo
677 532 867 592 enuntiatam.
903 532 1003 591 Ratio
1025 532 1120 602 enim,

117 634 241 699 propter
271 643 361 699 quam
390 622 489 681 anima
519 632 564 681 est
584 622 773 694 immortalis,
801 640 865 680 non
886 621 1063 681 desumitur
1084 640 1121 678 er

119 731 155 772 eo
177 714 259 788 quod
280 714 316 771 sit
336 713 420 789 lapis.
456 712 538 770 Hinc
560 712 692 770 axioma:
715 712 769 769 Ex
787 713 908 770 veritate
921 712 1121 786 consequentis

118 823 173 861 tzere
194 803 347 861 necessarie
367 802 497 876 infertur
517 802 623 860 veritas
643 802 833 859 antecedenter.

529 986 639 1047 CAPUT
661 1003 690 1045 11.

215 1110 271 1168 DE
293 1112 480 1169 DIVERSlS
502 1110 753 1170 SYLLOGISMI
774 1110 1006 1169 SPECIEBUS.

177 1242 392 1301 Praenotamen.
435 1244 482 1301 De
510 1242 635 1302 diversis
660 1242 925 1317 argumentationis
946 1242 1116 1318 speciebus

118 1330 177 1388 iam
199 1330 306 1389 dicturi
327 1331 487 1389 divisiones
509 1331 573 1389 illas
597 1349 702 1389 omnes
723 1330 1000 1406 praetermittimus,
1030 1349 1115 1406 quae

117 1420 177 1478 sive
199 1438 236 1478 ex
256 1430 340 1495 parte
352 1422 427 1495 finis
447 1420 618 1496 syllogismi,
640 1419 702 1479 sive
723 1437 759 1478 ex
773 1430 858 1495 parte
872 1422 1023 1495 prina‘pii,
1045 1420 1114 1478 sive

117 1526 153 1566 ex
174 1518 257 1584 parte
278 1511 414 1567 materiae
428 1509 628 1568 desumuntur.
664 1511 712 1568 De
733 1508 778 1567 his
793 1508 872 1567 enim
896 1508 928 1566 in
949 1509 1112 1567 methodo·

116 1598 196 1672 logia
216 1598 358 1657 dicemus.
400 1598 461 1655 Hic
482 1608 594 1669 autem,
623 1616 691 1656 curn
712 1598 751 1656 de
771 1598 919 1655 dialectices
938 1598 1111 1673 disciplinis

117 1698 234 1762 agatur,
263 1689 305 1745 ad
328 1688 519 1745 rectitudinem
540 1688 661 1761 fernme
680 1689 759 1744 unice
779 1688 949 1745 attenderam
976 1704 1030 1745 eas
1051 1688 1111 1762 syl·
1170 1726 1172 1735 ·

116 1777 234 1852 logismi
255 1776 416 1835 divisiones
437 1777 615 1846 referemus,
644 1795 722 1852 quae
749 1777 942 1834 desumuntur
963 1794 998 1833 ex
1017 1784 1112 1852 parte

108 1866 237 1939 formae,
259 1866 365 1941 quibus
378 1867 517 1924 omnibus
531 1867 636 1925 ultimo
651 1865 775 1924 articulo
790 1867 939 1942 quaedam
954 1865 1108 1924 addemus

117 1956 155 2013 de
176 1955 352 2031 syllogismis
372 1974 436 2013 non
457 1955 544 2014 rectis
564 1957 613 2014 vel
634 1955 871 2031 sophismatibus.

177 2046 368 2120 syllogismus
388 2064 460 2104 vero
482 2064 519 2103 ex
532 2056 617 2121 parte
639 2046 752 2104 formae
767 2045 971 2104 consideratus
991 2057 1038 2104 est
1058 2046 1110 2104 vel
1170 2079 1172 2105 ;

117 2135 268 2208 perfectus
289 2135 337 2192 vel
359 2135 549 2209 imperfectus
565 2135 581 2192 ¹.

180 2243 203 2280 1.
221 2223 410 2298 Syllogismus
419 2223 565 2300 perfectus
579 2223 628 2282 ille
639 2235 691 2295 est,
707 2225 758 2298 qui
768 2225 847 2282 clare
862 2236 892 2283 et
905 2222 1018 2283 directe
1034 2242 1109 2282 con·
1170 2278 1171 2305 ,

116 2311 279 2371 elusionem
294 2311 383 2370 infert
404 2322 433 2371 et
454 2313 582 2388 proinde
600 2324 716 2372 constat
737 2313 829 2372 tribus
850 2313 1108 2388 propositionibus

115 2419 173 2459 nec
194 2401 327 2477 pluribus
348 2420 405 2460 nec
426 2402 624 2478 paucioribus.

176 2491 368 2566 Syllogismus
376 2491 631 2565 perfectusestvel
639 2493 823 2566 categoricus
831 2493 1105 2568 velhypotheticus.

176 2575 204 2654 a)
227 2581 417 2655 Syllogismus
438 2582 607 2654 categoricus
627 2581 676 2638 ille
697 2590 754 2652 est,
777 2582 828 2657 qui
848 2581 1106 2658 propositionibus

116 2679 233 2728 constat
253 2669 438 2744 categoricis.
481 2672 535 2727 Est
1170 2730 1171 2743 ,

175 2759 301 2834 simplex,
324 2758 347 2816 si
369 2758 624 2833 propositionibus
638 2769 754 2818 constat
774 2759 958 2836 simplicibus
973 2756 1013 2836 (p.
1036 2756 1105 2835 37);
1170 2754 1172 2827 ἴ

176 2849 338 2923 compositus
365 2847 412 2904 vel
441 2850 630 2921 complexuS,
660 2848 684 2907 si
711 2848 965 2924 propositionibus
987 2860 1104 2908 constat
1170 2874 1171 2901 1

116 2936 290 3009 compositis
311 2936 358 2994 vel
380 2937 552 3012 complexis.

21 3101 23 3106 Α
176 3017 206 3096 b)
223 3024 414 3099 Syllogismus
428 3026 617 3100 hypothetzeus
630 3026 679 3084 ille
698 3036 750 3098 est,
772 3027 855 3085 cuius
868 3027 963 3086 maior
979 3038 1024 3087 est
1038 3047 1103 3104 pro·

6 3117 9 3120 ’
115 3111 224 3181 positio
244 3111 445 3182 hypothetica.
487 3115 637 3189 Totuplex
664 3134 736 3172 vero
757 3115 945 3190 distinguitur
972 3117 1103 3193 syllogis-

181 3291 189 3322 ¹
208 3295 247 3341 Cf.
267 3296 340 3343 Pesclr
360 3299 376 3346 l.
396 3315 418 3348 c.
438 3301 458 3359 Ι,
478 3315 538 3361 401.
