2350 3700
145 147 197 196 314
519 147 558 183 DE
577 147 754 184 CATEGORIIS.

141 295 223 369 quod
231 302 289 370 ptr
301 294 424 351 academ
437 294 619 369 producitur,
633 304 665 353 ut
674 312 742 351 cum
757 294 823 370 quis
837 312 944 369 agium
958 293 1122 353 effodiendo

140 401 211 441 casu
231 383 400 441 thesaurum
420 382 567 441 invenisse
588 382 705 441 dicitur.
747 383 809 457 Qui
829 383 873 441 sic
894 383 1041 457 loquitur,
1068 401 1123 439 non

140 481 231 547 negat
239 471 439 530 exsistentiam
448 488 563 543 causae,
579 472 633 531 sed
648 472 770 530 effectus
784 471 907 529 alicuius
923 489 979 547 per
992 470 1125 531 accidens

141 561 199 617 orti
219 577 338 619 causam
352 577 383 619 se
397 559 537 635 ignorare
552 562 717 619 confitetur.
746 562 828 619 Talis
842 561 973 636 proinde
988 560 1126 636 loquendi

141 649 248 707 modus
268 666 330 707 non
352 658 396 707 est
416 648 641 725 improbandus.

202 739 276 797 Sunt
295 747 403 809 autem,
432 736 484 812 qui
502 738 642 796 effectum
663 756 733 797 casu
754 749 852 797 ortum
872 738 1050 815 intellegant
1069 756 1128 796 rem

141 828 272 903 aliquam
296 826 361 885 sine
388 828 448 885 ulla
475 844 578 898 causa,
607 844 706 903 neque
736 827 878 887 efficienti
906 846 1006 903 neque
1038 829 1126 895 finali,

141 918 180 977 ad
201 933 313 974 novum
333 934 398 975 esse
426 916 613 991 productam.
656 917 717 991 Qui
737 918 808 975 talia
828 917 956 988 docent,
986 928 1128 993 quatenus

141 1024 205 1065 rem
225 1005 290 1064 sine
311 1023 400 1065 causa
420 1005 562 1065 efficienti
581 1006 709 1081 produci
730 1024 820 1082 posse
841 1006 1003 1077 declarant,
1026 1016 1129 1065 contra

140 1094 321 1171 principium
330 1094 508 1153 causalitatis
521 1104 651 1171 peccant
664 1104 694 1153 et
703 1094 830 1171 proinde
840 1095 1003 1154 absurdum
1012 1095 1129 1167 dicunt,

141 1194 229 1261 prout
248 1202 321 1243 vero
349 1185 380 1242 in
401 1186 490 1243 rebus
516 1184 676 1243 mundanis
704 1184 972 1260 complicatissimis
993 1194 1023 1243 et
1044 1184 1129 1243 simul

143 1273 368 1333 ordinatissimis
387 1274 561 1333 finalitatem
580 1284 702 1350 negant,
726 1291 789 1333 non
809 1273 907 1332 minus
927 1273 1028 1349 inepte
1047 1276 1128 1349 loqu-

142 1372 238 1421 untur.

201 1502 238 1558 ΙΙ.
265 1502 311 1559 Ex
337 1500 475 1559 doctrina
502 1500 582 1559 circa
610 1518 712 1559 causas
739 1502 815 1559 haec
843 1499 1043 1569 communitur
1067 1516 1128 1557 eru·

140 1599 228 1647 untur
249 1589 412 1647 axiomata:

205 1700 229 1737 1.
252 1678 344 1736 Nihil
360 1685 402 1735 cst
421 1697 506 1736 causa
525 1680 572 1736 sui
590 1680 684 1755 ipsius.

204 1789 230 1825 2.
255 1768 351 1826 Causa
372 1786 472 1826 causae
492 1774 534 1825 cst
551 1786 637 1825 causa
657 1770 772 1827 causati.

202 1877 230 1931 3.
252 1857 371 1916 Sublata
392 1877 486 1926 causa,
508 1858 620 1916 tollitur
640 1859 760 1931 effectus.

201 1967 229 2018 4.
251 1947 337 2004 Finis
356 1954 398 2005 est
416 1967 502 2006 causa
522 1964 681 2004 causarum.

204 2051 229 2110 5.
254 2036 315 2109 Qui
332 2038 395 2094 vult
404 2039 506 2112 finem,
527 2037 591 2094 vult
608 2036 708 2094 media.

202 2129 228 2183 6.
250 2125 335 2183 Finis
348 2129 477 2202 primum
491 2128 521 2183 in
536 2127 697 2195 intentione,
713 2131 887 2201 postremum
902 2126 933 2182 in
948 2126 1122 2182 exsecutione.

322 2303 516 2352 APPENDIX:
537 2304 584 2353 DE
602 2303 765 2353 NOTIONE
785 2303 947 2353 PULCHRI.

202 2428 279 2485 Cum
306 2426 477 2486 notionibus
497 2426 807 2486 transcendentalibus
827 2425 962 2496 unitatis,
991 2423 1125 2494 veritatis,

141 2515 281 2576 bonitatis
302 2515 405 2574 intime
427 2534 543 2575 conexa
570 2526 615 2575 est
634 2517 718 2575 notio
745 2514 980 2590 pulchritudinis.
1022 2513 1126 2587 Neque

142 2616 243 2664 tamen
262 2605 530 2664 transcendentalis
550 2607 626 2664 haec
646 2604 730 2662 notio
751 2603 811 2664 dici
830 2614 945 2680 potest:
967 2602 1126 2663 secundum

142 2712 333 2753 communem
347 2695 428 2753 enim
442 2694 586 2770 loquendi
600 2712 692 2766 usum,
707 2694 864 2769 pulchrum
878 2693 939 2753 dici
956 2712 1020 2752 non
1034 2701 1127 2768 potest
1154 2701 1155 2706 ’

142 2801 195 2842 ens
216 2793 362 2859 quatenus
376 2794 421 2844 est
434 2803 495 2857 ens,
518 2783 572 2842 sed
585 2789 723 2859 quatenus
736 2791 769 2840 ut
784 2785 842 2841 talc
855 2801 903 2840 ens
916 2783 1126 2840 determinatum

141 2874 255 2948 speciali
273 2874 393 2948 quodam
407 2874 595 2949 perfectionis
610 2872 708 2946 gradu
725 2873 835 2932 caziaci.

203 2964 238 3020 In
259 2963 485 3038 pulchritudiuis
506 2962 630 3020 notione
651 2961 833 3021 declaranda
853 2979 916 3021 non
937 2977 1044 3018 omnes
1064 2977 1124 3018 con·

142 3050 265 3107 veniunt
276 3054 291 3107 ¹.
334 3053 415 3109 Inter
442 3061 485 3109 tot
512 3069 584 3109 vero
614 3051 787 3125 opiniones,
817 3068 893 3124 quae
922 3049 1042 3108 veriora
1068 3065 1123 3107 esse

205 3233 213 3262 ¹
235 3235 401 3284 «Discernere
420 3240 445 3287 in
464 3241 547 3298 rebus,
567 3257 633 3304 quae
652 3243 702 3291 sint
716 3243 830 3306 pulchra,
851 3259 917 3306 quae
931 3244 1063 3303 deformia,
1081 3257 1124 3291 non

143 3315 181 3352 est
199 3310 334 3356 admodum
354 3315 471 3374 difficile;
499 3318 603 3366 definire
622 3313 729 3370 veroin
754 3321 897 3382 communi,
924 3323 989 3386 quid
1015 3323 1047 3372 sit
1070 3322 1122 3370 ratio
