2350 3700
198 144 237 177 DE
256 144 382 179 ACTIONE
401 144 437 180 ΕΤ
456 146 495 181 DE
516 145 652 182 PASSIONE
672 146 736 181 SIVE
755 146 793 182 Du
814 146 920 183 cnusts.
1004 147 1053 197 297

122 292 160 347 II.
185 290 327 348 Secundo
346 302 444 367 potest
464 293 590 351 influxus
605 294 768 353 consistere
790 295 820 351 in
836 311 881 365 eo,
904 294 987 368 quod
1008 296 1056 352 ali·

65 380 135 453 quid
155 380 202 437 rei
223 380 440 455 producendae
460 384 647 439 extrinsecum
675 382 793 441 actione
821 401 873 441 sua
902 382 944 442 rei
972 384 1056 443 alteri

65 479 161 526 actum
183 468 317 545 aliquem
337 470 463 543 confert,
485 481 518 529 ut
538 471 661 546 quando
683 471 787 530 artifex
801 491 855 530 sua
868 473 985 531 actione
1001 474 1057 531 for·

64 576 142 615 mam
163 568 278 617 statuae
299 558 332 616 in
352 578 502 618 marmore
524 561 673 635 producit.
704 562 743 619 Et
758 562 833 620 haec
849 580 937 621 causa
951 561 1057 620 dicitur

64 647 199 722 cffia‘ens,
222 665 300 722 quae
321 650 410 723 vulgo
432 648 621 725 intellegitur,
644 669 712 708 curn
733 650 772 709 de
788 669 876 709 causa
891 669 989 709 sermo
1004 662 1056 710 est.

120 747 176 803 III.
193 746 310 804 Tertius
320 746 451 821 denique
460 748 586 806 influxus
597 750 759 807 consistere
770 759 868 824 potest
877 750 908 807 in
918 767 963 819 eo,
975 750 1057 824 quod

63 834 177 909 aliquid
199 853 306 893 causae
328 836 469 894 efficienti
484 836 535 894 dat
555 839 763 895 inclimtiamm
784 838 823 897 ad
845 837 1003 913 agendum,
1026 850 1057 896 ut

63 942 130 981 cum
160 925 256 982 cultus
276 926 309 983 B.
332 927 374 983 M.
397 925 530 1001 Virginis
557 927 782 1001 promovendus
809 928 856 985 vel
885 928 958 985 lucri
983 926 1057 987 desi-

62 1012 180 1071 derium
201 1012 345 1073 artificem
366 1015 405 1073 ad
426 1026 551 1074 statuam
573 1016 805 1091 exsculpendam
827 1016 957 1075 inclinat.
994 1019 1056 1074 Ens

62 1113 164 1161 autem
185 1102 229 1161 sic
250 1103 376 1161 influens
397 1104 428 1162 in
449 1104 681 1179 productionem
703 1107 825 1163 effectus
844 1104 951 1164 dicitur
972 1124 1057 1163 causa

53 1193 168 1265 finalis.

120 1289 274 1363 Quattuor
303 1291 432 1365 proinde
462 1291 602 1366 distingui
633 1288 756 1367 possunt
787 1310 893 1350 causae
924 1292 1053 1368 species:

61 1398 155 1437 causa
181 1379 343 1437 materialis
364 1380 412 1437 vel
440 1380 579 1452 materia,
609 1400 698 1439 causa
726 1380 858 1439 formalis
880 1382 929 1439 vel
949 1382 1054 1452 forma,

60 1487 153 1526 causa
174 1468 318 1539 efficiens,
340 1487 431 1527 causa
450 1470 546 1527 finalis
566 1470 615 1528 vel
636 1470 711 1528 finis

118 1570 188 1625 Iam
209 1586 281 1625 vero
303 1567 342 1625 de
369 1586 459 1625 causa
487 1568 628 1626 efficienti
657 1578 686 1625 et
714 1568 751 1626 de
774 1586 862 1627 causa
882 1568 963 1626 finali
991 1587 1055 1643 spe·

18 1699 24 1738 ¹
59 1655 164 1714 ciatim
193 1666 238 1714 est
268 1656 427 1731 agendum.
470 1659 518 1715 De
549 1656 673 1715 materia
703 1668 801 1716 autem
833 1667 861 1715 et
891 1656 930 1715 de
960 1657 1056 1715 forma

18 1769 23 1813 ι
59 1745 182 1803 uberius
203 1762 302 1804 sermo
324 1746 380 1803 erit
400 1745 431 1801 in
453 1745 646 1821 cosmologia.

498 1941 585 1971 suerro
603 1942 627 1970 11.

131 2025 176 2065 DE
191 2023 289 2066 CAUSA
302 2024 469 2066 EFFICIENTI
483 2025 523 2066 ET
536 2025 577 2066 DE
592 2025 689 2066 CAUSA
704 2026 802 2067 FINALI
816 2025 980 2067 SPEClATIM.

359 2141 377 2207 ἓ
399 2157 421 2193 1.
453 2146 497 2193 De
517 2159 605 2194 causa
624 2144 764 2194 efficienti.

476 2288 497 2324 1.
523 2277 651 2326 Natzanes.

123 2394 226 2452 Causa
249 2392 385 2451 efficiens
406 2393 572 2468 generatim
593 2393 743 2452 definitur:
768 2393 957 2469 prina‘pium,
984 2391 1062 2467 quad

59 2493 180 2542 actione
205 2504 259 2540 sua
277 2483 413 2558 producit
432 2500 489 2540 esse
509 2501 598 2540 tavae
618 2485 668 2539 rei.

121 2579 259 2640 Dicitur:
284 2580 385 2656 «quod
399 2582 506 2638 actione
518 2600 572 2638 sua
589 2580 755 2656 producit»,
778 2579 884 2655 quibus
898 2578 996 2637 verbis
1017 2577 1058 2635 in·

59 2671 182 2730 dicatur
200 2669 278 2727 ratio
299 2669 440 2745 specifica
461 2687 567 2728 causae
589 2668 752 2740 efficientis,
775 2669 926 2726 causaliter
947 2667 1059 2726 scilicet

59 2761 124 2818 eius
146 2757 297 2834 specialis
320 2777 381 2834 qua
401 2758 588 2834 distinguitur
609 2760 647 2816 ab
669 2757 732 2817 aliis
754 2757 857 2816 causis.

122 2861 182 2916 Est
201 2868 301 2915 autem
321 2859 394 2915 actio
414 2857 527 2932 aliquid
548 2857 680 2916 medium
701 2857 779 2915 inter
799 2874 918 2914 causam
938 2856 986 2913 vel
1008 2872 1058 2928 po·

59 2947 190 3006 tentiam
218 2945 404 3022 operativam
432 2956 462 3005 et
489 2947 644 3017 effectum,
674 2957 704 3004 et
731 2944 811 3003 idem
840 2954 883 3002 est
906 2963 942 3009 ac
969 2951 1058 3000 matus

53 3038 205 3113 potentiae
232 3037 410 3112 operativae,
439 3037 487 3094 vel
514 3034 668 3094 tendentia
696 3035 792 3093 activa
816 3033 966 3109 potentiae
989 3050 1058 3091 con-

16 3139 19 3148 ·
57 3127 196 3185 siderata
216 3135 249 3183 ut
269 3145 287 3182 a
307 3125 442 3200 potentia
464 3124 634 3200 procedens
647 3124 663 3182 ¹.

126 3318 135 3349 ¹
157 3320 198 3369 cf.
218 3335 295 3384 supra
313 3337 340 3385 p.
361 3331 421 3379 229.
