2350 3700
366 802 481 867 PARS
505 802 730 867 SECUNDA.

267 949 820 1031 CRITERIOLOGIA.

407 1139 689 1190 PRAENOTIONES.

90 1265 117 1319 I.
147 1272 368 1334 Criteriologiae
389 1272 522 1321 definitio.
570 1262 782 1338 Criteriologia
802 1260 832 1337 (a
852 1261 987 1338 κριτήριον
1012 1276 1042 1322 et

29 1347 125 1426 λόγος)
159 1354 215 1410 vel
245 1353 343 1410 critica
371 1348 400 1428 (a
426 1371 503 1411 voce
531 1348 641 1425 κρίνειν,
672 1347 856 1424 discernere)
885 1352 1040 1411 definitur:

4 1484 7 1504 ,
28 1444 158 1499 scientia
181 1460 275 1499 uerae
295 1450 437 1517 certaeque
457 1444 622 1515 cognitionis
641 1443 791 1500 humanae.
834 1440 966 1500 Dicitur:

95 1552 125 1589 1.
153 1531 279 1588 scicntia
307 1534 469 1604 cognitionis
489 1534 646 1600 humanae,
675 1531 782 1606 quibus
808 1530 908 1590 verbis
930 1531 1041 1601 critica,

25 1618 196 1693 quatenus
229 1620 290 1695 agit
319 1621 357 1679 de
387 1620 611 1695 operationibus
641 1620 763 1692 mentis,
799 1620 940 1678 convenit
971 1640 1037 1679 cum

23 1708 219 1767 dialectica.
272 1709 382 1767 Critica
410 1709 503 1779 enim,
535 1710 609 1769 sicut
637 1709 811 1783 dialectica,
843 1710 967 1769 scientia
994 1722 1039 1790 est

22 1800 185 1857 directcua
208 1800 298 1875 ipsius
318 1807 395 1858 actus
415 1802 536 1858 rationis
558 1794 597 1876 (p.
621 1821 639 1875 9
661 1812 691 1859 et
714 1796 770 1875 12).

98 1911 129 1947 2.
164 1907 256 1946 aerae
284 1897 427 1964 certaeque
454 1892 616 1962 cognitionis
642 1891 806 1962 humanae,
835 1902 866 1948 ut
893 1891 1040 1949 indicetur

24 1979 224 2037 differentia
241 1978 388 2054 specifica,
410 1991 482 2038 nota
503 1979 625 2049 scilicet,
647 1999 707 2054 qua
728 1979 831 2038 critica
852 1980 1039 2055 distinguitur

25 2090 45 2126 a
70 2067 260 2128 dialectica.
303 2067 469 2127 Dialectica
490 2068 571 2127 enim
585 2069 750 2127 formaliter
770 2069 890 2144 respicit
914 2087 1038 2128 «rectum

27 2169 178 2216 ordinem
188 2159 354 2233 ponendum
367 2160 398 2215 iu
412 2159 619 2234 operationibus
632 2161 731 2215 urentis
745 2159 901 2214 humanae»
920 2153 959 2233 (p.
975 2153 1038 2232 12);

28 2248 171 2306 criticae
187 2264 263 2304 vero
279 2247 428 2306 obiectum
450 2248 574 2305 formale
590 2258 634 2305 est
648 2247 778 2322 ipsarum
799 2247 914 2304 illarum
937 2266 1039 2321 opera·

27 2338 164 2396 tionum
190 2338 300 2394 veritas
320 2348 349 2395 et
370 2337 502 2394 certitudo
524 2336 697 2395 obtinenda.
740 2337 814 2394 Aliis
836 2336 948 2394 verbis:
979 2335 1039 2394 dia-

28 2427 155 2485 lectica
185 2425 349 2484 scientifice
376 2425 498 2500 inquirit
525 2426 563 2483 de
592 2425 715 2500 regulis,
742 2444 815 2501 quas
842 2444 927 2484 mens
955 2425 1039 2501 sequi

26 2517 155 2586 debet,
178 2527 214 2574 ut
235 2516 422 2590 operationes
444 2514 534 2588 ipsius
555 2515 614 2572 sint
634 2522 741 2585 rectae,·
763 2515 864 2574 critica
885 2533 974 2586 vem,
1000 2516 1038 2573 de

25 2605 168 2681 regulis,
194 2622 272 2678 qnae
287 2605 473 2662 necessariae
488 2615 562 2674 sunt,
585 2615 616 2661 nt
631 2603 757 2662 eaedem
771 2605 960 2679 operationes
982 2605 1040 2662 sint

24 2713 129 2754 uerae
154 2704 186 2752 et
210 2712 269 2767 qua
289 2694 360 2750 tales
381 2700 454 2750 certo
475 2692 620 2768 cognosci
644 2693 772 2768 possint:
805 2695 910 2752 ambae
941 2694 1037 2769 igitur,

24 2804 96 2861 pro
133 2800 191 2841 suo
221 2799 358 2856 quaeque
385 2801 524 2855 munere,
554 2793 736 2840 concurrunt
764 2782 803 2838 ad
831 2783 1038 2858 operationum

26 2874 157 2932 mentis
179 2879 285 2928 rectum
306 2890 386 2928 usum
407 2873 597 2931 edocendum
607 2873 623 2929 ¹.

103 2964 147 3018 II.
175 2968 297 3018 Divisio.
338 2963 384 3018 Ex
408 2962 467 3019 hoc
489 2962 610 3036 speciali
636 2959 855 3035 criteriologiae
876 2963 934 3018 fine
957 2961 1040 3018 desn-

30 3053 135 3110 mitur
165 3051 229 3108 eius
258 3049 374 3108 divisio.
417 3053 458 3110 Ut
485 3051 566 3109 enim
594 3068 679 3107 mens
707 3059 809 3106 nostra
840 3059 920 3107 recte
950 3048 1039 3107 infor-

31 3151 145 3200 metur
182 3140 349 3198 secundum
388 3139 593 3214 cognitionem
634 3138 828 3197 scientificam
863 3140 1038 3212 regularum,
