2350 3700
233 154 335 202 412
619 156 695 191 DE
736 154 930 192 CAUSIS
972 156 1252 192 SUPREMIS
1293 155 1489 191 MUNDI
1529 155 1822 191 CORPOREI.
2142 139 2154 144 -
2283 0 2305 325 κ

230 312 289 361 tu
335 304 525 372 Pater,
578 301 739 378 apud
781 306 962 362 temet
1003 303 1196 379 ipsum
1238 302 1534 374 claritate,
1580 320 1763 379 quam
1804 302 1989 362 habui
2034 301 2203 378 priuS,

232 409 413 466 quam
454 392 709 451 mundus
750 402 918 464 esset,
964 391 1125 467 apud
1166 402 1259 450 te.»
1296 387 1402 467 (10.
1440 409 1528 465 17,
1571 409 1623 469 5.
1683 392 1778 451 Cf.
1809 394 1988 452 Prov.
2024 395 2080 462 8,
2124 412 2207 449 22.
2294 326 2340 512 31

231 482 323 539 Ps.
370 484 465 557 89,
514 475 587 555 2).
657 483 820 556 Ergo
863 481 1117 540 mundus
1158 499 1285 539 non
1326 499 1564 556 semper
1607 482 1744 555 fuitz,
1789 501 1935 557 ergo
1981 492 2214 540 creatus

234 579 320 627 est
363 570 424 627 in
466 580 755 646 tempore.

357 689 406 726 2.
453 669 546 726 Ex
582 667 857 727 doctrina
887 668 1212 728 Ecclesiae.
1273 668 1611 728 Concilium
1641 669 1802 728 enim
1830 669 2221 738 Vaticanum,

234 757 484 816 Constit.
530 758 645 817 Dei
687 757 897 829 Filius,
961 757 1229 817 declarat
1271 759 1467 817 Deum
1526 775 1655 817 esse
1713 770 2052 819 creatorem
2102 778 2226 817 om-

232 846 395 904 nium
413 893 426 918 ,
491 846 593 923 qui
633 846 900 906 bonitate
943 865 1046 906 sua
1089 859 1148 906 et
1190 847 1584 923 omnipotenti
1616 848 1835 907 ‘virtute
1886 849 2101 908 «simul
2148 848 2226 905 ab

232 935 400 995 initio
443 936 727 1012 temporis
767 946 1077 1012 utramque
1121 936 1198 996 de
1252 936 1439 995 nihilo
1496 938 1766 997 condidit
1821 947 2224 997 creaturam».

233 1026 403 1085 Idem
464 1026 581 1083 iam
641 1035 820 1084 antea
879 1026 1067 1085 Cone.
1132 1029 1326 1085 Later.
1388 1028 1477 1084 IV
1545 1026 1869 1085 definierat.
1957 1031 2228 1086 Ioannes

233 1133 378 1173 vero
420 1116 595 1173 XXII
632 1116 964 1174 haereticas
991 1115 1316 1175 declaravit
1342 1117 1448 1174 has
1477 1116 1946 1192 propositiones:
1998 1136 2226 1192 «quam

235 1203 353 1261 cito
397 1206 560 1263 Deus
604 1203 710 1261 fuit
725 1250 739 1276 ,
796 1215 917 1263 tam
974 1206 1093 1264 cito
1149 1205 1437 1264 mundum
1491 1205 1746 1264 creavit»
1795 1235 1874 1247 -—
1924 1206 2225 1266 «concedi

236 1311 430 1367 posse,
478 1294 641 1368 quod
683 1294 936 1353 mundus
980 1295 1056 1353 ab
1099 1304 1344 1353 aeterno
1390 1294 1619 1353 fuerit».

356 1457 561 1508 ‘rhesis
598 1458 874 1520 probatio.
950 1469 996 1507 1.
1044 1448 1305 1507 Mundus
1341 1449 1440 1507 hic
1470 1468 1794 1525 corporeus
1822 1461 1911 1509 est
1940 1450 2002 1508 in
2031 1458 2220 1508 motu.

238 1538 421 1612 Atqui
462 1548 754 1613 repugnat
796 1538 1042 1597 omnino
1084 1548 1312 1597 motum
1354 1556 1484 1597 esse
1512 1540 1590 1598 ab
1619 1549 1885 1610 aeterno,
1933 1540 1972 1597 i.
2005 1557 2057 1598 e.
2087 1537 2223 1597 sine

238 1625 422 1686 initio,
510 1629 615 1685 Est
654 1626 717 1685 in
758 1638 923 1686 motu
964 1627 1145 1687 series
1206 1629 1503 1703 quaedam
1562 1628 1897 1696 successiva
1953 1646 2226 1688 momen·

240 1725 432 1774 torum
449 1762 463 1788 ‚
528 1717 604 1774 ad
666 1734 845 1791 quam
900 1716 1290 1776 essentialiter
1331 1717 1592 1793 pertinet
1629 1717 1855 1777 habere
1899 1718 2225 1777 terminum

240 1824 276 1863 a
319 1822 439 1880 quo
483 1815 542 1865 et
582 1806 899 1865 terminum
941 1806 1019 1865 ad
1062 1824 1274 1882 quem,
1319 1807 1354 1866 i.
1401 1825 1452 1866 e.
1499 1806 1859 1883 principium
1903 1818 1965 1867 et
2007 1809 2228 1879 finem3

238 1894 505 1970 alioquin
546 1895 926 1955 induceretur
964 1914 1246 1956 numerus
1288 1907 1423 1956 actu
1478 1897 1753 1956 infinitus.
1841 1897 1904 1955 Si
1962 1897 2228 1956 'mundus

238 1985 337 2038 hic
379 2003 703 2059 corporeus
736 1996 890 2046 esset
917 1985 1194 2057 infinituS‚
1239 1986 1464 2045 infinite
1495 1986 1662 2044 multi
1691 2004 1741 2044 e.
1773 2006 1830 2063 g.
1862 1986 1995 2046 dies
2025 1996 2228 2046 essent

243 2074 521 2131 main-:meti
575 2093 725 2134 unus
780 2084 914 2151 post
971 2075 1167 2134 alium.
1254 2076 1374 2135 Sed
1428 2076 1548 2134 hoc
1605 2076 1852 2145 omnino
1904 2069 2223 2152 repugnat.

251 2167 400 2235 Urgu
448 2164 697 2223 mundus
739 2164 837 2223 hic
879 2182 1205 2239 corporeus
1260 2161 1465 2224 habuit
1519 2164 1779 2237 initium,
1837 2165 1966 2224 aliis
2023 2165 2226 2224 verbis

243 2263 472 2307 smmum
515 2263 603 2311 est
644 2253 705 2310 in
748 2264 1017 2329 tempore
1059 2255 1155 2312 vel
1199 2253 1407 2312 melius
1449 2272 1569 2311 cum
1613 2265 1884 2329 tempore
1927 2248 2142 2330 (reali).

372 2371 416 2403 ε.
472 2351 856 2424 ἕνίᾶεεῑῑηιιε,
913 2370 1056 2410 num
1112 2342 1300 2428 genus
1354 2351 1678 2410 humanum
1732 2353 1918 2428 possit
1969 2371 2105 2412 esse
2149 2354 2226 2411 ab

247 2455 504 2499 mett-rim.
588 2443 639 2497 A
688 2443 948 2515 Socrate,
993 2440 1095 2516 qui
1136 2441 1405 2500 nondum
1446 2441 1630 2500 habet
1670 2442 1867 2513 filium,
1914 2459 2223 2500 recurrere

247 2551 480 2599 [aisti-asilii]
524 2531 603 2588 ad
646 2530 769 2590 eius
811 2541 1057 2607 patrem,
1103 2532 1180 2590 ab
1223 2533 1340 2590 hoc
1381 2531 1458 2590 ad
1491 2531 1675 2607 patris
1703 2541 1952 2606 patrem,
1997 2531 2223 2590 deinde

243 2619 314 2675 :ul
364 2619 532 2677 huius
572 2630 819 2696 patrem,
866 2631 924 2679 et
961 2621 1041 2678 ita
1073 2639 1272 2696 porro,
1345 2623 1474 2678 Iam
1516 2620 1686 2678 dico:
1732 2621 1793 2677 in
1835 2620 1934 2677 illa
1976 2638 2224 2696 genera-

247 2711 468 2763 zie-anum
511 2709 662 2767 serie
705 2710 784 2767 ad
826 2711 1081 2786 aliquem
1125 2709 1384 2785 primum
1424 2719 1655 2785 patrem
1690 2709 1974 2768 devenire
2003 2709 2220 2779 debe0,

247 2799 344 2872 ιμιὶ
380 2819 500 2855 mm
530 2809 619 2856 est
658 2799 824 2871 filius,
870 2799 976 2858 sed
1006 2798 1348 2858 immediate
1379 2819 1414 2856 a
1442 2800 1578 2857 Deo
1608 2808 1854 2857 creatus.
1925 2798 2222 2856 Nimirum

247 2888 304 2944 iu
352 2888 496 2944 ezr-ric:
540 2897 630 2946 tot
671 2889 895 2948 debent
936 2905 1064 2947 esse
1106 2899 1304 2964 patres
1348 2898 1492 2963 quot
1533 2887 1653 2960 filii,
1699 2887 1839 2963 quia
1881 2887 2032 2946 filius
2067 2889 2221 2963 cogi-

247 2992 348 3032 tat-1
400 2976 603 3052 nequit
641 2979 768 3037 sine
812 2987 997 3053 patre,
1041 2994 1157 3036 nec
1201 2988 1370 3052 pater
1410 2977 1535 3036 sine
1579 2977 1717 3035 filio.
1790 2977 1975 3053 Atqui
2013 2977 2077 3034 in
2107 2979 2218 3036 fine

247 3068 412 3124 seriei
460 3066 655 3124 habeo
696 3067 1019 3137 Socratem,
1065 3066 1167 3141 qui
1211 3076 1299 3124 est
1341 3066 1490 3124 filius
1531 3077 1590 3124 et
1630 3084 1756 3125 non
1799 3076 1985 3142 pater.
2058 3067 2217 3141 Ergo

272 3172 300 3208 u
352 3152 500 3208 serie
544 3153 720 3210 etiam
763 3172 891 3212 esse
934 3144 1116 3213 debet
1157 3155 1368 3229 aliquis
1412 3165 1597 3230 pater,
1646 3155 1749 3230 qui
1788 3172 1916 3214 non
1947 3154 2023 3212 sit
2052 3156 2216 3214 filius.

276 3240 304 3292 zi
352 3240 509 3292 enini
552 3256 762 3298 omnes
804 3251 1001 3314 patres
1042 3241 1214 3300 simul
1257 3253 1453 3302 essent
1490 3243 1608 3314 filii,
1654 3261 1933 3302 numerus
1967 3244 2218 3303 filiorum

276 3344 368 3384 [nsi
416 3320 700 3398 ·[⁴i÷ocrate)
744 3328 1058 3388 excederet
1098 3348 1409 3389 numerum
1451 3343 1716 3407 patrum,
1776 3332 1943 3408 quod
1992 3345 2078 3410 est
2123 3335 2216 3392 im·
