2350 3700
175 140 213 175 DE
234 141 379 176 VERITATE
398 140 682 178 TRANSCENDENTALI
702 142 732 177 IN
754 142 785 177 SE
805 143 926 179 SUMPTA.
996 140 1043 193 251

64 305 128 343 cum
148 287 220 359 aliis,
243 287 261 345 i.
284 306 310 346 e.
332 307 401 345 cum
420 288 571 347 intellectu
593 299 711 347 etcum
732 291 883 349 voluntate
905 290 966 349 sive
988 290 1047 348 Dei

63 375 121 432 sive
142 386 296 435 creaturae
318 377 477 435 rationalis

120 466 158 523 Et
178 465 277 540 primo
299 467 420 539 quidem
442 467 466 524 si
487 466 692 524 consideratur
716 468 747 525 in
768 469 928 539 relatione,
957 488 1048 542 quam

61 553 148 611 habet
162 572 222 610 cum
236 556 384 623 intellectu,
406 574 459 613 ens
474 555 629 614 evidenter
642 556 730 614 nobis
745 567 869 631 apparet
888 568 919 615 ut
934 558 1047 615 habens

61 659 125 699 esse
151 644 308 702 conforme
333 643 439 702 divinis
466 644 541 702 ideis
569 655 599 702 et
627 662 691 703 esse
721 646 937 704 conformabile
966 646 1048 704 intel·

62 731 149 789 lectui
169 742 281 790 creato.
323 734 411 791 Haec
431 743 530 792 autem
557 734 726 808 adaequatio
753 737 798 792 rei
823 736 865 791 ad
883 736 1048 792 intellectum

62 820 168 878 dicitur
189 822 298 879 veritas
319 821 499 896 ontologica.
542 822 672 880 Dicitur:

122 930 145 966 1.
174 912 239 967 Ens
258 912 371 970 habere
391 929 456 969 esse
485 910 628 985 conforme
656 913 724 969 ideis
744 912 854 971 divinis.
885 914 946 970 Res
967 912 1047 971 enim

59 998 197 1055 dicuntur
217 1018 306 1057 verae
327 999 449 1057 veritate
470 1000 739 1071 transcendentali,
769 1011 913 1075 quatenus
936 1002 1047 1059 habent

58 1088 299 1145 conformitatem
320 1089 359 1145 ad
380 1089 462 1147 ideas
491 1090 682 1165 archetypam,
715 1090 878 1147 secundum
907 1108 980 1163 quas
1008 1091 1047 1147 ab

57 1187 182 1233 aeterno
196 1178 280 1235 Deus
301 1178 458 1252 cognoscit
478 1197 560 1236 suam
582 1178 741 1237 essentiam
761 1188 793 1235 ut
813 1178 986 1236 imitabilem
1008 1179 1047 1236 ad

55 1275 148 1322 extra.
192 1267 232 1323 Et
258 1267 334 1324 haec
360 1266 468 1325 veritas
496 1285 594 1325 rerum
622 1266 729 1324 dicitur
756 1268 910 1325 essentialis
937 1278 966 1325 et
985 1270 1046 1342 pri·

55 1373 159 1411 niorto.

119 1464 145 1501 2.
170 1445 232 1501 Ens
253 1443 365 1502 habere
386 1463 450 1502 esse
472 1444 673 1518 conformabilc
687 1446 837 1502 intellectui
849 1453 948 1503 creato.
985 1446 1045 1503 Res

54 1532 138 1589 enim
161 1550 266 1590 omnes
287 1543 405 1607 praeter
426 1532 564 1604 ordinem
585 1534 788 1604 essentialem,
818 1552 907 1608 quern
934 1534 1046 1591 habent

25 1611 28 1627 ’
53 1642 125 1679 cum
157 1621 309 1680 intellectu
339 1621 457 1693 divino,
494 1624 607 1680 habent
637 1622 725 1681 etiam
758 1624 894 1680 ordinem
929 1623 1046 1680 confor-

54 1711 168 1769 mitatis
198 1729 265 1768 cum
295 1710 446 1769 intellectu
478 1712 611 1786 quodam
641 1722 757 1782 creato,
786 1730 817 1769 co
843 1712 920 1786 quod
942 1712 979 1768 ab
1006 1714 1046 1768 in·

54 1801 167 1858 tellecta
193 1801 313 1874 quodam
341 1808 433 1858 creato
460 1803 583 1874 cognosci
609 1818 738 1873 possunt.
781 1802 856 1860 Cum
877 1812 974 1859 autem
999 1818 1046 1858 res

54 1891 124 1946 illae
139 1908 226 1947 suum
240 1906 306 1947 esse
321 1899 351 1946 et
366 1889 495 1965 proinde
510 1909 593 1948 suam
608 1890 895 1964 cognoscibilitatem
915 1890 1046 1947 habeant

54 1978 300 2054 independenter
330 1980 368 2036 ab
399 1981 481 2037 omni
513 1980 665 2038 intellectu
696 1990 814 2050 creato,
849 1980 925 2036 haec
954 1979 1046 2036 altera

52 2068 162 2126 relatio
190 2067 406 2126 conformitatis
434 2067 543 2126 dicitur
569 2067 677 2126 veritas
703 2067 969 2125 transcendentalis
990 2076 1047 2141 per

50 2157 182 2213 accidens
202 2165 233 2213 et
253 2157 426 2214 secundario.
470 2159 531 2214 Res
553 2157 633 2214 enim
655 2167 753 2214 essent
774 2174 878 2227 verae,
907 2155 925 2213 i.
949 2173 974 2213 e.
997 2157 1046 2213 ha-

49 2248 165 2303 berent
195 2243 370 2303 relationem
398 2245 613 2303 conformitatis
642 2264 710 2303 cum
737 2245 887 2302 intellectu
915 2246 1046 2320 quodam

48 2330 174 2408 (divino
185 2327 317 2407 scilicet),
334 2333 448 2392 etiamsi
463 2334 560 2392 nullus
575 2333 741 2392 intellectus
755 2345 870 2391 creatus
885 2334 1044 2392 exsisteret.

115 2424 184 2480 Iam
204 2441 285 2494 vero,
308 2441 375 2480 cum
396 2441 450 2480 ens
464 2424 495 2480 in
509 2432 623 2480 tantum
638 2422 730 2496 possit
744 2422 855 2481 habere
871 2424 1045 2480 relationem

47 2511 275 2570 conformitatis
296 2531 365 2568 cum
385 2511 555 2579 intellectu,
584 2511 615 2568 in
637 2521 779 2585 quantum
800 2512 891 2569 habet
912 2511 949 2569 de
971 2529 1044 2582 esse,

48 2603 120 2677 ipsa
145 2618 246 2658 rerum
267 2599 373 2658 entitas
394 2600 501 2658 dicitur
522 2618 586 2658 esse
609 2601 833 2657 fundamentum
854 2600 991 2657 veritatis.

115 2691 146 2746 A
161 2688 283 2746 veritate
299 2688 477 2763 ontologica‚
493 2689 511 2747 i.
523 2707 549 2748 e.
565 2689 596 2746 in
611 2689 746 2758 essendo
762 2689 972 2763 distinguenda
987 2699 1043 2747 est:

118 2798 145 2835 1.
169 2778 286 2835 Veritas
307 2777 336 2835 in
360 2778 572 2852 cognoscendo
594 2779 642 2835 vel
662 2779 766 2849 logico,
793 2795 870 2852 quae
892 2777 1043 2836 definitur:

48 2867 251 2924 conformitas
271 2867 318 2924 vel
333 2866 511 2942 adaequatio
526 2866 691 2924 intellectus
710 2865 834 2924 adrem.
872 2866 1046 2924 Formaliter

47 2965 157 3013 autem
184 2954 320 3029 inspecta
346 2965 391 3013 est
417 2955 482 3030 ipsa
502 2954 681 3030 adaequatio
706 2955 871 3013 intellectus
893 2966 923 3014 et
943 2955 985 3014 rei
1007 2957 1044 3013 ab

46 3044 211 3102 intellectu
232 3053 377 3119 percepta
388 3045 405 3100 ¹.

116 3237 125 3268 ¹
146 3240 167 3286 I.
188 3255 210 3288 e.
230 3239 379 3303 adaequatio
398 3240 481 3288 iudicii
498 3256 555 3288 cum
578 3255 605 3287 re
630 3240 671 3287 vel
697 3239 843 3286 enuntiabili
867 3240 891 3285 in
917 3253 955 3297 se,
982 3238 1045 3285 sicut

48 3337 107 3369 rem
127 3320 156 3367 in
174 3319 258 3384 logica
276 3320 466 3377 declaravimus,
486 3335 511 3381 p.
535 3319 582 3378 167
603 3327 628 3366 et
651 3318 707 3366 168.
