2350 3700
272 120 314 159 DE
334 122 440 159 MUNDO
460 122 647 159 FORMALITER
666 121 875 159 CONSIDERATO.
1011 121 1061 173 397

133 263 165 342 b)
196 270 237 327 ita
264 268 382 329 excedit
411 269 581 328 facultatem
608 279 746 341 naturae,
777 280 809 328 ut
835 281 972 346 respectu
1000 271 1062 330 eins

75 358 153 415 nulla
182 357 219 416 sit
244 375 303 417 nec
324 376 390 417 esse
417 359 510 435 possit
529 358 561 415 in
582 358 724 417 creaturis
745 358 879 433 potentia
899 360 1061 435 operativa.

76 447 122 503 Sic
143 446 321 506 resurrectio
343 458 540 519 mortuorum,
564 446 707 506 restitutio
729 448 807 506 oculi
829 448 928 507 amissi
949 458 993 507 est
1014 450 1063 506 ali·

76 534 146 609 quid
167 538 401 611 supematurale.

132 629 161 708 c)
184 636 273 693 tertio
286 634 417 710 denique
432 636 473 695 ita
486 634 603 695 excedit
617 634 769 694 entitatem
784 636 831 694 vel
846 634 1062 711 perfectionem

76 733 196 782 naturae
218 734 337 782 creatae
358 726 406 783 vel
428 723 579 794 creabilis,
608 734 639 782 ut
660 724 691 781 in
712 723 834 784 entitate
855 743 908 783 sua
928 724 1063 783 conside·

77 822 168 870 ratum
196 812 272 872 nihil
301 812 382 872 aliud
412 814 448 872 sit
477 812 534 872 nisi
564 812 713 888 quaedam
737 814 921 890 partia'patea
950 813 1063 871 divinae

76 908 197 958 aalma
211 903 228 959 ¹.

131 991 278 1064 Proinde,
301 992 383 1066 quod
404 990 512 1049 dicitur
532 990 631 1051 stricte
653 992 888 1067 supernaturale,
911 990 972 1050 sive
993 1009 1063 1050 con·

76 1080 219 1138 sideratur
233 1080 263 1137 in
279 1078 384 1138 ordine
398 1079 589 1155 operationis,
612 1080 673 1139 sive
688 1080 893 1139 consideratur
910 1079 942 1138 in
956 1080 1062 1139 ordine

22 1169 25 1189 ¹
76 1168 164 1243 ipsius
186 1186 268 1239 esse,
295 1169 330 1226 id
345 1170 442 1243 quoad
458 1172 601 1227 entitatem
622 1187 705 1228 suam
726 1170 783 1227 tale
805 1186 924 1245 semper
944 1181 1003 1242 est,
1031 1180 1063 1228 ut

75 1259 108 1315 sit
127 1256 318 1333 participatio
333 1258 481 1333 quaedam
495 1269 619 1317 naturae
634 1258 761 1316 divinae.
798 1257 846 1315 Sic
865 1258 960 1333 gratia
980 1276 1063 1317 sanc·

19 1359 22 1448 i
74 1348 203 1405 titicante
225 1346 356 1422 theologi
377 1347 488 1406 docent
508 1348 639 1405 animam
660 1346 723 1405 fieri
744 1346 862 1405 divinae
892 1358 1061 1407 consortem

20 1457 21 1492 t
73 1446 197 1495 naturae
209 1436 229 1493 ¹.

19 1533 21 1612 l
133 1552 160 1607 3.
183 1533 447 1603 Praatcrnaturale,
469 1535 517 1593 vel
538 1534 760 1610 supernaturale
782 1534 936 1593 relativum
953 1529 1062 1610 (super-

72 1623 207 1681 naturale
237 1622 399 1681 secundum
429 1616 528 1698 quid),
564 1622 671 1681 dicitur
703 1621 735 1681 id
764 1639 869 1696 omne,
906 1622 990 1698 quod
1019 1633 1063 1682 est

73 1722 193 1787 praeter
213 1711 290 1770 vires
308 1712 354 1771 vel
370 1710 548 1788 exigentiam
561 1712 611 1769 vel
625 1710 842 1787 perlectionem
857 1712 930 1771 certi
943 1710 1062 1789 generis

73 1812 243 1873 creaturae,
271 1819 333 1860 non
361 1810 458 1860 autern
486 1801 610 1860 amatium
637 1809 807 1860 naturarum
834 1811 998 1861 creatarum
1019 1801 1066 1860 vel

72 1892 251 1960 creabilium,
280 1892 350 1966 quia
376 1890 541 1949 subiectum
564 1891 604 1949 ad
624 1889 776 1949 Trinitatis
798 1891 979 1950 consortium
1000 1909 1062 1948 non

72 1982 178 2039 elevat.
215 1981 263 2038 Sic
284 1980 367 2055 quod
387 1981 479 2037 homo
500 1979 597 2038 subito
616 1981 742 2055 acquirit
756 1979 894 2039 eximiam
908 1979 1062 2039 scientiam

73 2069 321 2145 philosophicam,
337 2079 381 2127 est
394 2068 507 2144 aliquid
521 2070 781 2144 praeternaturale.
807 2071 1061 2128 Praeternaturale

72 2158 201 2234 proinde
222 2159 347 2216 absolute
366 2167 531 2234 spectatum
553 2167 597 2216 est
618 2157 730 2234 aliquid
750 2160 893 2218 naturale.

135 2344 189 2395 ¹5.
214 2347 307 2406 Thana,
327 2346 352 2396 S.
373 2346 450 2397 theol.
474 2360 495 2406 1,
516 2360 539 2406 a,
560 2364 584 2412 q.
608 2359 665 2408 112,
685 2364 707 2396 a.
731 2360 752 2397 1.

133 2424 202 2474 ’Ex
230 2427 270 2475 his
298 2426 443 2491 intelleges,
472 2442 517 2476 cur
541 2427 655 2492 theologi
682 2428 871 2491 supernaturale
897 2427 1013 2475 dividant
1035 2428 1060 2475 in

72 2507 262 2572 supernaturale
280 2508 364 2571 quoad
382 2509 490 2566 modum,
509 2516 535 2555 et
551 2508 577 2555 in
591 2507 780 2571 supernaturale
793 2507 878 2572 quoad
890 2508 1061 2557 substantiam.

71 2588 141 2636 Fieri
160 2586 229 2636 enim
247 2595 344 2651 potest,
371 2596 398 2635 ut
416 2587 507 2636 entitas
525 2587 567 2635 illa
593 2587 790 2653 supernaturalis
816 2602 867 2635 non
895 2588 927 2636 sit
953 2587 979 2635 in
1005 2588 1061 2637 sub-

72 2665 166 2716 stantia
183 2670 225 2717 vel
240 2683 288 2716 esse
305 2667 342 2715 rei
360 2683 425 2732 quae
444 2667 640 2732 supernaturalis
654 2667 754 2728 dicitur,
774 2667 820 2716 sed
833 2667 858 2715 in
872 2668 924 2716 eius
936 2668 1061 2734 principio

71 2749 113 2797 vel
127 2749 153 2796 in
167 2748 243 2796 modo
256 2763 306 2812 qno
319 2747 472 2812 producitur,
496 2748 575 2796 «sicut
588 2756 659 2814 patet
672 2749 697 2795 in
711 2747 895 2796 illuminatione
908 2749 985 2807 caeci,
1005 2749 1062 2812 quia

70 2830 140 2877 visus
159 2827 279 2876 naturalis
298 2836 343 2888 est,
363 2828 409 2876 sed
425 2827 612 2876 illuminationis
625 2828 777 2892 principium
791 2837 829 2876 est
842 2844 917 2893 supra
930 2835 1058 2877 naturam»

72 2907 113 2971 (S.
138 2907 233 2968 Tham,
254 2909 279 2956 S.
299 2907 376 2957 theol.
397 2908 480 2972 suppl.
499 2925 523 2972 q.
545 2917 585 2970 75,
606 2923 628 2955 a.
649 2921 664 2970 3
684 2923 706 2958 c.

491 3116 651 3123 *-
