2350 3700
385 159 424 194 nn
442 158 653 196 nucuorttrnru.
966 145 1011 194 161

30 305 239 380 opprobrium,
262 316 481 382 contemptum,
502 306 745 382 persecutionem
765 316 821 364 etc.
844 316 1016 380 exspectare

29 404 130 469 potest.

85 479 117 556 b)
142 483 197 541 ‹Si
215 491 296 542 testes
315 491 384 541 suut
401 486 499 553 multi,
524 484 709 560 impossibile
731 493 775 542 est
795 483 902 542 multos
923 483 1018 541 diver·

31 572 157 630 sissimae
180 572 306 644 indolis,
329 572 530 644 educationis,
552 572 719 648 religionis,
742 571 917 642 studiorum,
939 571 1017 630 vitae

31 662 253 720 consuetudinis
282 661 314 718 in
342 680 433 719 unum
462 662 655 720 mendacium
690 663 858 720 consentire
893 671 923 719 et
956 671 1017 718 tam

31 751 161 823 callide,
177 750 386 826 pertinaciter,
415 750 480 808 sine
501 749 696 809 haesitatione
723 761 753 810 et
779 759 881 808 mutua
902 760 1018 808 contra·

32 839 160 898 dictione
186 839 218 896 in
238 839 400 898 mendacio
422 839 478 898 sibi
500 839 712 898 consistere.»¹

85 927 268 986 Diffidentia
282 928 411 1004 proinde
432 928 470 987 de
484 928 645 986 veracitate
666 944 729 985 non
750 926 806 986 erit
826 925 1017 1003 imprudens:

36 1024 58 1074 1⁰
81 1017 335 1092 quotiescumque
364 1035 411 1076 res
438 1017 494 1075 erit
521 1035 590 1075 cum
613 1027 703 1087 teste,
732 1016 783 1091 qui
810 1015 930 1074 aliunde
959 1016 1018 1074 iam

33 1105 178 1164 mendacii
201 1106 355 1164 convictus
376 1103 478 1178 fuerin
509 1113 537 1163 2⁰
557 1106 680 1180 quando
708 1105 785 1164 inter
812 1107 910 1182 plures
931 1115 1019 1164 testes

35 1213 121 1252 sermo
150 1213 221 1253 non
248 1206 411 1270 congruet,
438 1195 543 1254 sedulo
572 1205 673 1253 tamen
697 1194 728 1252 in
749 1194 808 1253 hoc
836 1213 906 1268 casu
926 1193 1020 1269 inqui·

35 1284 151 1341 rendum
176 1285 242 1355 erit,
263 1295 361 1342 utrum
381 1284 545 1342 sententiae
566 1284 717 1343 varientur
737 1283 817 1342 circa
835 1284 1019 1341 substantiam

29 1373 92 1430 *lacti
106 1393 147 1430 an
164 1372 250 1431 circa
263 1373 460 1432 accidentalia
474 1383 605 1446 tantum3
624 1380 654 1447 3⁰
674 1374 919 1449 quotiescumque
930 1372 1018 1443 testis,

29 1462 133 1539 ¹{actum
158 1462 286 1537 aliquod
307 1462 516 1538 cupiditatibus
535 1462 638 1520 favens
658 1478 809 1533 enarrans,
830 1461 895 1537 ipse
910 1461 1022 1537 cupidi·

29 1542 90 1608 latis
111 1561 273 1627 expertem
294 1569 410 1609 senon
431 1568 496 1609 esse
525 1562 628 1626 aperte
649 1550 787 1609 ostendit.
811 1581 846 1592 -
869 1552 905 1608 In
925 1549 970 1608 his
991 1560 1021 1608 et

37 1640 90 1696 aliis
104 1639 254 1698 similibus
268 1639 423 1711 adiunctis,
441 1639 480 1699 de
494 1639 553 1698 fide
567 1641 649 1698 testis
663 1639 808 1710 dubitare,
824 1637 1020 1714 imprudentis

38 1747 91 1785 non
117 1729 194 1787 erit:
224 1740 321 1786 utrum
348 1746 421 1786 vero
449 1729 609 1788 auctoritas
637 1729 699 1788 eius
720 1727 845 1786 omnino
869 1727 1022 1786 reicienda

37 1817 68 1875 sit
86 1836 197 1889 necne,
216 1817 337 1877 ulterius
358 1817 414 1877 erit
433 1817 652 1893 inquirendum,
675 1817 813 1877 omnibus
834 1816 947 1877 scilicet
967 1815 1022 1875 rite

40 1907 202 1983 perpensis.

89 1998 120 2055 B.
143 1996 366 2056 Testimonium
379 2014 452 2055 vero
466 1995 639 2056 historicum
652 1999 785 2072 scriptum
807 1995 889 2071 quod
907 1996 1020 2065 attinet,

40 2085 193 2145 auctoritas
214 2086 295 2144 testis
315 2084 422 2144 iisdem
444 2085 568 2144 criteriis
588 2086 795 2162 dignoscetur,
820 2085 871 2143 ubi
893 2085 1023 2161 primum

41 2175 72 2231 de
91 2175 160 2233 libri
183 2176 231 2233 vel
252 2174 354 2250 scripti
375 2175 522 2233 authentia
543 2174 716 2234 constiterit.

91 2264 279 2321 Autlteuticus
291 2281 364 2322 vero
378 2263 486 2322 dicitur
506 2263 589 2334 liber,
611 2266 662 2339 qui
680 2265 757 2321 illius
777 2270 819 2321 est
837 2266 960 2322 auctoris
980 2264 1027 2321 uel

41 2356 142 2423 utatur,
166 2355 244 2410 cuius
264 2371 320 2410 esse
340 2353 450 2411 duitur.
480 2353 580 2424 Liber,
603 2354 654 2428 qui
670 2371 733 2411 non
748 2363 792 2411 est
806 2352 881 2411 illius
895 2351 1023 2411 auctoris

41 2443 79 2499 vel
106 2442 229 2513 aetatiS,
261 2442 309 2499 cui
336 2442 528 2512 adscribitur,
556 2444 671 2519 spurius
695 2452 826 2501 vocatur.
865 2441 1024 2517 Corruptus

41 2543 131 2589 autem
152 2530 262 2589 dicitur
283 2530 374 2602 liber,
403 2530 455 2606 qui
474 2532 522 2589 vel
543 2531 661 2589 mutilus
682 2542 726 2589 est
746 2532 794 2590 vel
822 2530 1022 2606 interpolatus.

42 2620 87 2676 Est
105 2637 180 2679 vero
201 2621 317 2677 mutilus
337 2619 422 2691 liber,
445 2619 526 2678 cuius
547 2639 617 2695 pars
631 2638 694 2678 non
708 2620 780 2678 levis
795 2619 950 2694 deperdita
965 2628 1025 2692 est,

43 2710 220 2784 interpolatus
241 2718 340 2767 autem
361 2708 395 2780 is,
417 2708 449 2766 in
470 2708 551 2767 cuius
572 2719 683 2767 textum
705 2708 814 2767 inserta
835 2719 902 2766 sunt
918 2710 1023 2766 aliena.

44 2796 132 2870 Liber,
156 2797 208 2872 qui
228 2814 292 2855 non
312 2807 356 2855 est
376 2808 540 2873 corruptus,
562 2796 671 2855 dicitur
691 2800 806 2870 integer.

94 2890 158 2945 lam
178 2905 251 2945 vero
274 2887 313 2945 ad
333 2886 517 2945 authentiam
545 2888 594 2945 vel
616 2886 815 2961 integritatem
835 2886 902 2944 libri
924 2886 1026 2961 digno·

45 2978 178 3035 scendum
197 2975 274 3033 haec
294 2976 425 3035 breviter
446 2986 516 3035 sunt
537 2976 737 3034 declaranda:

98 3086 121 3123 1.
150 3064 309 3123 Autheutr'u
336 3065 402 3123 libri
430 3084 493 3123 non
520 3083 607 3136 raro,
636 3065 744 3123 nostris
758 3066 932 3140 praesertim
953 3076 1025 3123 tem·

47 3154 170 3226 poribus,
202 3154 249 3212 vel
277 3153 460 3230 experientia
483 3154 605 3229 propria
634 3155 681 3212 vel
714 3153 883 3212 testimonio
904 3154 1021 3212 testium

99 3346 107 3377 ¹
126 3350 200 3397 Frick
218 3350 234 3398 l⁴
254 3366 275 3397 c.
295 3366 321 3413 p.
343 3349 403 3413 265.
424 3348 484 3396 266.

94 3440 280 3491 Reinrtadler,
296 3440 365 3481 Elem.
381 3440 461 3491 philos.
476 3440 544 3480 schol.
567 3440 584 3480 1.
643 3448 646 3451 '
