2350 3700
144 168 194 218 292
518 167 556 202 DE
576 166 757 203 CATEGORIIS.

200 316 254 372 ΙΙΙ.
278 315 364 388 Quae
385 332 454 372 curn
475 313 515 371 ita
536 314 604 384 sint,
625 313 775 373 distinctio
797 314 885 372 realis
906 315 1052 389 neganda
1073 332 1131 373 esse

143 403 273 474 videtur,
301 403 465 462 secundum
492 402 688 479 principium:
722 402 812 461 «Non
834 411 903 460 runt
922 404 1135 479 multiplicanda

142 495 218 551 entra
231 494 291 550 sinc
303 494 414 551 rar-‘tone
427 492 609 568 sufficienti.»
641 492 787 551 Rationes
801 493 891 565 enim,
915 511 991 567 quas
1006 492 1136 550 fautores

142 580 248 658 prioris
269 582 433 640 sententiae
454 582 596 652 afferunt,
625 600 689 640 rem
715 600 778 639 non
806 582 962 657 attingunt.
1007 582 1136 651 Relatio

142 671 185 729 sic
205 671 294 743 aiunt,
317 681 361 729 est
381 688 428 729 res
449 672 507 729 alia
520 690 557 729 ac
571 671 805 743 fundamentum,
828 670 898 745 quia
919 682 964 729 est
981 678 1139 747 ‹<respectus

141 761 184 818 ad
200 761 313 818 aliudr'
329 756 429 836 (supra
450 762 478 830 I,
504 780 529 831 1,
554 755 582 834 a)
604 761 652 818 vel
680 760 751 836 quia
778 770 823 818 est
845 778 919 818 «esse
939 761 983 817 ad
1007 760 1134 834 aliquid-t

142 845 175 922 (l,
201 870 226 921 1,
248 844 288 922 b).
333 849 392 908 Sed
413 851 473 907 hoc
493 848 590 925 ipsum
611 849 643 906 in
664 849 857 908 contentione
880 848 1017 925 ponitur,
1040 859 1138 906 utrum

142 939 255 997 scilicet
279 950 447 1014 «respectus
467 939 518 997 ille
538 939 577 997 ad
599 938 714 1009 aliud»,
744 956 825 997 «esse
847 938 919 996 illud
939 939 978 997 ad
1001 937 1135 1013 aliquid»

142 1027 180 1085 sit
199 1046 245 1085 res
266 1027 415 1103 quaedam
437 1028 633 1087 fundamento
655 1027 847 1104 superaddita
867 1045 973 1086 necne.

202 1169 392 1218 eorouarium.
432 1160 523 1218 Circa
537 1160 661 1218 relativa
674 1160 751 1218 haec
765 1158 825 1218 duo
840 1159 1016 1235 praesertim
1031 1160 1139 1235 vigent
1160 1226 1161 1237 χ

143 1249 307 1307 axiomata:
1160 1254 1161 1279 ¹

201 1340 223 1396 Ι.
247 1338 384 1396 Relativa
398 1348 465 1397 sunt
479 1338 565 1396 simul
578 1348 692 1395 natura.
732 1336 842 1396 «Simul
856 1348 976 1396 natura»
995 1338 1140 1397 dicuntur

141 1445 204 1497 res,
233 1445 357 1502 quarum
378 1446 439 1485 una
459 1446 521 1485 non
542 1436 642 1503 potest
662 1426 750 1502 poni,
781 1426 853 1502 quin
880 1428 973 1486 altera
994 1438 1138 1504 ponatur.

142 1516 233 1574 Simul
243 1526 310 1575 sunt
324 1527 429 1575 natura
441 1527 574 1575 extrema
583 1515 744 1588 relationis,
760 1515 785 1573 si
799 1526 950 1574 sumuntur
960 1516 1138 1575 formaliter.

141 1606 228 1663 Pater
248 1625 275 1663 v.
297 1624 325 1680 g.
347 1615 379 1663 ut
398 1616 495 1681 pater,
525 1624 587 1663 non
609 1615 708 1681 potest
728 1604 816 1681 poni,
838 1605 911 1681 quin
932 1606 968 1664 sit
987 1606 1083 1676 filius,
1109 1616 1142 1663 et

140 1694 269 1753 vicissim
290 1694 365 1754 filius
386 1694 471 1753 simul
499 1705 544 1753 est
564 1713 633 1752 curn
655 1704 748 1770 patre.
791 1695 851 1753 Sed
879 1704 963 1771 pater
985 1704 1019 1753 ut
1040 1695 1141 1753 homo

142 1779 305 1859 (materiale
326 1778 532 1861 significatum)
553 1783 636 1861 prior
657 1794 762 1842 natura
782 1794 827 1843 est
847 1784 916 1842 filio.

200 1875 238 1932 ΙΙ.
260 1875 398 1932 Relativa
419 1884 487 1933 sunt
506 1873 592 1933 simul
614 1874 794 1949 cognitione,
818 1874 878 1933 ie.
900 1873 1035 1949 cognitio
1050 1874 1143 1932 unius

140 1962 272 2038 implicat
282 1965 486 2039 cognitionem
496 1963 623 2022 alterius.
647 1963 705 2035 Sic,
720 1963 793 2038 quid
803 1963 840 2023 sit
854 1973 946 2040 pater,
961 1982 1027 2020 non
1037 1974 1143 2039 potest

140 2053 291 2126 cognosci,
314 2053 386 2128 quin
407 2062 614 2129 cognoscatur,
638 2052 710 2127 quid
732 2052 769 2110 sit
789 2053 871 2124 filius,
895 2063 924 2110 et
945 2051 1089 2110 vicissim.

519 2224 685 2271 Armenios
705 2233 747 2271 111.

203 2335 428 2385 DE·ACTIONE
448 2335 494 2384 ET
512 2337 560 2386 DE
579 2336 751 2386 PASSIONE
771 2336 850 2386 SIVE
869 2336 918 2385 DE
937 2335 1069 2385 CAUSIS.

201 2460 415 2509 Pmenotamen.
464 2451 612 2509 Notiones
640 2450 765 2509 actionis
794 2461 824 2509 et
852 2450 1000 2526 passionis
1028 2449 1139 2508 intime

140 2549 337 2597 conectuntur
365 2558 433 2598 cum
462 2539 635 2598 notionibus
666 2557 773 2598 causae
803 2551 834 2598 et
863 2541 996 2598 effectus
1043 2539 1140 2597 Actio

139 2626 220 2685 enim
241 2627 348 2686 dicitur
369 2646 432 2687 esse
460 2630 613 2686 causalitas
640 2646 739 2686 causae
766 2628 922 2704 efficientis.
966 2628 1049 2702 Quid
1073 2627 1141 2685 sint

139 2716 217 2774 actio
246 2726 276 2774 et
302 2718 417 2793 passi0,
446 2717 626 2793 intellegitur
653 2717 781 2795 proinde
810 2736 847 2776 ex
873 2717 998 2777 notione
1024 2735 1139 2776 causae

139 2803 294 2864 efficientis
323 2806 424 2882 priore
455 2808 524 2865 loco
553 2807 752 2883 explananda.
802 2809 916 2878 Immo,
949 2825 1016 2865 cum
1048 2808 1139 2864 notio

139 2911 245 2953 causae
274 2893 305 2952 in
333 2912 444 2969 genere
466 2895 503 2954 sit
523 2914 583 2954 una
604 2913 640 2954 ex
660 2895 829 2973 praecipuis
849 2895 1022 2954 notionibus
1044 2906 1138 2953 meta·

133 2982 283 3060 physicis,
314 2993 407 3042 totam
429 2984 597 3044 doctrinam
627 2985 665 3044 de
695 2985 789 3044 causis
816 2986 875 3043 hoc
902 2985 973 3042 loco
1001 2985 1138 3044 breviter

140 3071 354 3129 declarandam
374 3073 556 3148 suscipimus,

197 3158 321 3215 Duabus
335 3160 516 3219 sectionibus
530 3161 589 3220 hoc
604 3161 728 3220 articulo
743 3161 894 3220 dicemus:
920 3183 945 3221 1.
967 3163 1009 3220 de
1032 3163 1130 3222 causis

139 3243 304 3312 generatim
324 3244 481 3320 inspectis3
511 3269 536 3306 2.
559 3249 597 3306 de
627 3267 716 3306 causa
744 3250 887 3309 efficienti
916 3260 946 3308 et
974 3251 1015 3309 de
1043 3269 1133 3309 causa

139 3327 219 3381 finali
241 3329 403 3399 speciatim.
