<?xml version="1.0" encoding="UTF-8"?>
<!DOCTYPE html PUBLIC "-//W3C//DTD XHTML 1.0 Transitional//EN"
    "http://www.w3.org/TR/xhtml1/DTD/xhtml1-transitional.dtd">
<html xmlns="http://www.w3.org/1999/xhtml" xml:lang="en" lang="en">
 <head>
  <title>
</title>
<meta http-equiv="Content-Type" content="text/html;charset=utf-8" />
  <meta name='ocr-system' content='tesseract 3.04.00' />
  <meta name='ocr-capabilities' content='ocr_page ocr_carea ocr_par ocr_line ocrx_word'/>
</head>
<body>
  <div class='ocr_page' id='page_1' title='image "./elementaphiloso00reingoog_0228.png"; bbox 0 0 2350 3700; ppageno 0'>
   <div class='ocr_carea' id='block_1_1' title="bbox 142 128 749 190">
    <p class='ocr_par' dir='ltr' id='par_1_1' title="bbox 142 128 749 190">
     <span class='ocr_line' id='line_1_1' title="bbox 142 128 749 190; baseline 0 -16"><span class='ocrx_word' id='word_1_1' title='bbox 142 128 190 190; x_wconf 84' lang='lat'>¹9⁶</span> <span class='ocrx_word' id='word_1_2' title='bbox 513 137 749 174; x_wconf 77' lang='lat' dir='ltr'>mnruonouoom.</span> 
     </span>
    </p>
   </div>
   <div class='ocr_carea' id='block_1_2' title="bbox 136 284 1152 451">
    <p class='ocr_par' dir='ltr' id='par_1_2' title="bbox 136 284 1152 451">
     <span class='ocr_line' id='line_1_2' title="bbox 136 284 1152 361; baseline -0.003 -16"><span class='ocrx_word' id='word_1_3' title='bbox 136 289 185 346; x_wconf 89' lang='lat' dir='ltr'>vel</span> <span class='ocrx_word' id='word_1_4' title='bbox 212 287 361 345; x_wconf 87' lang='lat' dir='ltr'>defectum</span> <span class='ocrx_word' id='word_1_5' title='bbox 382 285 625 361; x_wconf 84' lang='lat' dir='ltr'>consequentiae,</span> <span class='ocrx_word' id='word_1_6' title='bbox 646 303 709 344; x_wconf 92' lang='lat' dir='ltr'>non</span> <span class='ocrx_word' id='word_1_7' title='bbox 730 285 885 360; x_wconf 82' lang='lat' dir='ltr'><strong>intellegit.</strong></span> <span class='ocrx_word' id='word_1_8' title='bbox 915 287 954 343; x_wconf 91' lang='lat' dir='ltr'>E.</span> <span class='ocrx_word' id='word_1_9' title='bbox 971 303 1003 360; x_wconf 86' lang='lat' dir='ltr'>g.</span> <span class='ocrx_word' id='word_1_10' title='bbox 1032 284 1062 342; x_wconf 92' lang='lat' dir='ltr'>si</span> <span class='ocrx_word' id='word_1_11' title='bbox 1086 284 1152 359; x_wconf 86' lang='lat' dir='ltr'>quis</span> 
     </span>
     <span class='ocr_line' id='line_1_3' title="bbox 137 374 1152 451; baseline -0.004 -17"><span class='ocrx_word' id='word_1_12' title='bbox 137 395 199 435; x_wconf 91' lang='lat' dir='ltr'>non</span> <span class='ocrx_word' id='word_1_13' title='bbox 220 375 405 451; x_wconf 87' lang='lat' dir='ltr'>intellegeret</span> <span class='ocrx_word' id='word_1_14' title='bbox 426 376 583 434; x_wconf 85' lang='lat' dir='ltr'>salsitatem</span> <span class='ocrx_word' id='word_1_15' title='bbox 604 374 689 433; x_wconf 87' lang='lat' dir='ltr'>huius</span> <span class='ocrx_word' id='word_1_16' title='bbox 710 375 891 450; x_wconf 89' lang='lat' dir='ltr'>argumenti:</span> <span class='ocrx_word' id='word_1_17' title='bbox 915 374 1038 434; x_wconf 92' lang='lat' dir='ltr'>Omnis</span> <span class='ocrx_word' id='word_1_18' title='bbox 1055 375 1152 432; x_wconf 89' lang='lat' dir='ltr'>homo</span> 
     </span>
    </p>
   </div>
   <div class='ocr_carea' id='block_1_3' title="bbox 46 464 1152 542">
    <p class='ocr_par' dir='ltr' id='par_1_3' title="bbox 46 464 1152 542">
     <span class='ocr_line' id='line_1_4' title="bbox 46 464 1152 542; baseline -0.004 -18"><span class='ocrx_word' id='word_1_19' title='bbox 46 485 50 493; x_wconf 90' lang='lat'><em>·</em></span> <span class='ocrx_word' id='word_1_20' title='bbox 138 475 182 524; x_wconf 89' lang='lat' dir='ltr'>est</span> <span class='ocrx_word' id='word_1_21' title='bbox 202 464 320 542; x_wconf 87' lang='lat' dir='ltr'>animal.</span> <span class='ocrx_word' id='word_1_22' title='bbox 357 464 450 539; x_wconf 89' lang='lat' dir='ltr'>Atqui</span> <span class='ocrx_word' id='word_1_23' title='bbox 477 483 546 522; x_wconf 87' lang='lat' dir='ltr'>rosa</span> <span class='ocrx_word' id='word_1_24' title='bbox 573 481 636 522; x_wconf 92' lang='lat' dir='ltr'>non</span> <span class='ocrx_word' id='word_1_25' title='bbox 664 474 708 521; x_wconf 92' lang='lat' dir='ltr'>est</span> <span class='ocrx_word' id='word_1_26' title='bbox 733 464 834 522; x_wconf 92' lang='lat' dir='ltr'>hom0.</span> <span class='ocrx_word' id='word_1_27' title='bbox 871 465 957 539; x_wconf 91' lang='lat' dir='ltr'>Ergo</span> <span class='ocrx_word' id='word_1_28' title='bbox 981 481 1065 522; x_wconf 90' lang='lat' dir='ltr'>rosa</span> <span class='ocrx_word' id='word_1_29' title='bbox 1087 482 1152 521; x_wconf 89' lang='lat' dir='ltr'>non</span> 
     </span>
    </p>
   </div>
   <div class='ocr_carea' id='block_1_4' title="bbox 137 552 1167 1962">
    <p class='ocr_par' dir='ltr' id='par_1_4' title="bbox 137 552 1153 894">
     <span class='ocr_line' id='line_1_5' title="bbox 137 552 1153 628; baseline -0.003 -15"><span class='ocrx_word' id='word_1_30' title='bbox 137 565 182 613; x_wconf 90' lang='lat' dir='ltr'>est</span> <span class='ocrx_word' id='word_1_31' title='bbox 203 553 326 612; x_wconf 87' lang='lat' dir='ltr'>animal:</span> <span class='ocrx_word' id='word_1_32' title='bbox 353 563 452 628; x_wconf 89' lang='lat' dir='ltr'>potest</span> <span class='ocrx_word' id='word_1_33' title='bbox 472 552 582 611; x_wconf 84' lang='lat' dir='ltr'>salsitas</span> <span class='ocrx_word' id='word_1_34' title='bbox 604 552 804 611; x_wconf 85' lang='lat' dir='ltr'>conclusionis</span> <span class='ocrx_word' id='word_1_35' title='bbox 829 552 983 612; x_wconf 88' lang='lat' dir='ltr'>indirecte</span> <span class='ocrx_word' id='word_1_36' title='bbox 1015 553 1153 612; x_wconf 91' lang='lat' dir='ltr'>demon·</span> 
     </span>
     <span class='ocr_line' id='line_1_6' title="bbox 138 641 1151 714; baseline -0.002 -13"><span class='ocrx_word' id='word_1_37' title='bbox 138 643 223 701; x_wconf 90' lang='lat' dir='ltr'>strari</span> <span class='ocrx_word' id='word_1_38' title='bbox 251 641 383 702; x_wconf 86' lang='lat' dir='ltr'>adhibita</span> <span class='ocrx_word' id='word_1_39' title='bbox 411 641 469 699; x_wconf 90' lang='lat' dir='ltr'>alia</span> <span class='ocrx_word' id='word_1_40' title='bbox 491 642 632 714; x_wconf 83' lang='lat' dir='ltr'>materia,</span> <span class='ocrx_word' id='word_1_41' title='bbox 661 642 715 700; x_wconf 93' lang='lat' dir='ltr'>sed</span> <span class='ocrx_word' id='word_1_42' title='bbox 743 652 859 700; x_wconf 86' lang='lat' dir='ltr'>servata</span> <span class='ocrx_word' id='word_1_43' title='bbox 882 642 997 700; x_wconf 87' lang='lat' dir='ltr'>eadem</span> <span class='ocrx_word' id='word_1_44' title='bbox 1036 643 1151 713; x_wconf 87' lang='lat' dir='ltr'>forma,</span> 
     </span>
     <span class='ocr_line' id='line_1_7' title="bbox 137 730 1152 805; baseline -0.001 -16"><span class='ocrx_word' id='word_1_45' title='bbox 137 733 197 790; x_wconf 95' lang='lat' dir='ltr'>hoc</span> <span class='ocrx_word' id='word_1_46' title='bbox 224 731 331 789; x_wconf 85' lang='lat' dir='ltr'>modo:</span> <span class='ocrx_word' id='word_1_47' title='bbox 361 730 468 789; x_wconf 91' lang='lat' dir='ltr'>Omnis</span> <span class='ocrx_word' id='word_1_48' title='bbox 495 731 588 787; x_wconf 91' lang='lat' dir='ltr'>homo</span> <span class='ocrx_word' id='word_1_49' title='bbox 616 740 661 788; x_wconf 90' lang='lat' dir='ltr'>est</span> <span class='ocrx_word' id='word_1_50' title='bbox 681 730 800 788; x_wconf 84' lang='lat' dir='ltr'>animal.</span> <span class='ocrx_word' id='word_1_51' title='bbox 844 731 936 805; x_wconf 91' lang='lat' dir='ltr'>Atqui</span> <span class='ocrx_word' id='word_1_52' title='bbox 963 731 1062 790; x_wconf 87' lang='lat' dir='ltr'>canis</span> <span class='ocrx_word' id='word_1_53' title='bbox 1086 751 1152 789; x_wconf 89' lang='lat' dir='ltr'>non</span> 
     </span>
     <span class='ocr_line' id='line_1_8' title="bbox 138 819 820 894; baseline -0.004 -14"><span class='ocrx_word' id='word_1_54' title='bbox 138 831 182 880; x_wconf 92' lang='lat' dir='ltr'>est</span> <span class='ocrx_word' id='word_1_55' title='bbox 203 821 303 878; x_wconf 92' lang='lat' dir='ltr'>homo.</span> <span class='ocrx_word' id='word_1_56' title='bbox 346 821 427 894; x_wconf 87' lang='lat' dir='ltr'>Ergo</span> <span class='ocrx_word' id='word_1_57' title='bbox 449 819 531 877; x_wconf 91' lang='lat' dir='ltr'>canis</span> <span class='ocrx_word' id='word_1_58' title='bbox 551 837 616 877; x_wconf 92' lang='lat' dir='ltr'>non</span> <span class='ocrx_word' id='word_1_59' title='bbox 637 829 681 877; x_wconf 89' lang='lat' dir='ltr'>est</span> <span class='ocrx_word' id='word_1_60' title='bbox 701 819 820 878; x_wconf 88' lang='lat' dir='ltr'>animal.</span> 
     </span>
    </p>

    <p class='ocr_par' dir='ltr' id='par_1_5' title="bbox 137 907 1167 1962">
     <span class='ocr_line' id='line_1_9' title="bbox 199 907 1154 984; baseline 0.001 -17"><span class='ocrx_word' id='word_1_61' title='bbox 199 909 249 967; x_wconf 86' lang='lat' dir='ltr'>Sic</span> <span class='ocrx_word' id='word_1_62' title='bbox 263 908 352 968; x_wconf 91' lang='lat' dir='ltr'>etiam</span> <span class='ocrx_word' id='word_1_63' title='bbox 366 907 496 983; x_wconf 87' lang='lat' dir='ltr'>vulgaris</span> <span class='ocrx_word' id='word_1_64' title='bbox 510 908 560 965; x_wconf 88' lang='lat' dir='ltr'>illa</span> <span class='ocrx_word' id='word_1_65' title='bbox 574 918 681 966; x_wconf 88' lang='lat' dir='ltr'>contra</span> <span class='ocrx_word' id='word_1_66' title='bbox 695 908 754 966; x_wconf 91' lang='lat' dir='ltr'>Dei</span> <span class='ocrx_word' id='word_1_67' title='bbox 769 907 924 967; x_wconf 89' lang='lat' dir='ltr'>scientiam</span> <span class='ocrx_word' id='word_1_68' title='bbox 939 920 1154 984; x_wconf 86' lang='lat' dir='ltr'>retorquetur</span> 
     </span>
     <span class='ocr_line' id='line_1_10' title="bbox 138 997 1154 1074; baseline 0.002 -18"><span class='ocrx_word' id='word_1_69' title='bbox 138 997 372 1074; x_wconf 84' lang='lat' dir='ltr'>argumentatio:</span> <span class='ocrx_word' id='word_1_70' title='bbox 394 997 451 1055; x_wconf 90' lang='lat' dir='ltr'>Vel</span> <span class='ocrx_word' id='word_1_71' title='bbox 466 999 549 1055; x_wconf 91' lang='lat' dir='ltr'>Deus</span> <span class='ocrx_word' id='word_1_72' title='bbox 563 997 619 1055; x_wconf 88' lang='lat' dir='ltr'>scit</span> <span class='ocrx_word' id='word_1_73' title='bbox 637 1015 685 1054; x_wconf 93' lang='lat' dir='ltr'>me</span> <span class='ocrx_word' id='word_1_74' title='bbox 707 998 831 1055; x_wconf 89' lang='lat' dir='ltr'>salutem</span> <span class='ocrx_word' id='word_1_75' title='bbox 846 1008 1065 1056; x_wconf 90' lang='lat' dir='ltr'>assecuturum</span> <span class='ocrx_word' id='word_1_76' title='bbox 1082 1017 1154 1058; x_wconf 89' lang='lat' dir='ltr'>esse</span> 
     </span>
     <span class='ocr_line' id='line_1_11' title="bbox 137 1085 1167 1162; baseline 0 -16"><span class='ocrx_word' id='word_1_77' title='bbox 137 1089 186 1146; x_wconf 91' lang='lat' dir='ltr'>vel</span> <span class='ocrx_word' id='word_1_78' title='bbox 207 1105 278 1145; x_wconf 89' lang='lat' dir='ltr'>non.</span> <span class='ocrx_word' id='word_1_79' title='bbox 321 1085 352 1143; x_wconf 85' lang='lat' dir='ltr'>Si</span> <span class='ocrx_word' id='word_1_80' title='bbox 372 1086 432 1143; x_wconf 93' lang='lat' dir='ltr'>hoc</span> <span class='ocrx_word' id='word_1_81' title='bbox 446 1087 529 1144; x_wconf 92' lang='lat' dir='ltr'>Deus</span> <span class='ocrx_word' id='word_1_82' title='bbox 550 1085 614 1157; x_wconf 90' lang='lat' dir='ltr'>scit,</span> <span class='ocrx_word' id='word_1_83' title='bbox 637 1096 879 1161; x_wconf 89' lang='lat' dir='ltr'>quantacumque</span> <span class='ocrx_word' id='word_1_84' title='bbox 901 1097 1041 1162; x_wconf 87' lang='lat' dir='ltr'>peccata</span> <span class='ocrx_word' id='word_1_85' title='bbox 1065 1093 1167 1146; x_wconf 73' lang='lat' dir='ltr'>com-i</span> 
     </span>
     <span class='ocr_line' id='line_1_12' title="bbox 137 1173 1167 1252; baseline 0 -18"><span class='ocrx_word' id='word_1_86' title='bbox 137 1177 262 1246; x_wconf 93' lang='lat' dir='ltr'>misero,</span> <span class='ocrx_word' id='word_1_87' title='bbox 292 1173 485 1233; x_wconf 84' lang='lat' dir='ltr'>infallibiliter</span> <span class='ocrx_word' id='word_1_88' title='bbox 512 1175 609 1232; x_wconf 90' lang='lat' dir='ltr'>salvus</span> <span class='ocrx_word' id='word_1_89' title='bbox 630 1193 699 1246; x_wconf 90' lang='lat' dir='ltr'>ero,</span> <span class='ocrx_word' id='word_1_90' title='bbox 728 1174 858 1250; x_wconf 91' lang='lat' dir='ltr'>proinde</span> <span class='ocrx_word' id='word_1_91' title='bbox 879 1176 918 1233; x_wconf 90' lang='lat' dir='ltr'>de</span> <span class='ocrx_word' id='word_1_92' title='bbox 940 1176 1045 1234; x_wconf 87' lang='lat' dir='ltr'>salute</span> <span class='ocrx_word' id='word_1_93' title='bbox 1069 1178 1167 1252; x_wconf 88' lang='lat' dir='ltr'>nihil</span> 
     </span>
     <span class='ocr_line' id='line_1_13' title="bbox 138 1263 1151 1338; baseline -0.001 -14"><span class='ocrx_word' id='word_1_94' title='bbox 138 1265 318 1336; x_wconf 80' lang='lat' dir='ltr'>curandum3</span> <span class='ocrx_word' id='word_1_95' title='bbox 338 1263 363 1321; x_wconf 93' lang='lat' dir='ltr'>si</span> <span class='ocrx_word' id='word_1_96' title='bbox 383 1263 523 1338; x_wconf 88' lang='lat' dir='ltr'>providet</span> <span class='ocrx_word' id='word_1_97' title='bbox 542 1280 624 1333; x_wconf 84' lang='lat' dir='ltr'>vero,</span> <span class='ocrx_word' id='word_1_98' title='bbox 645 1281 695 1322; x_wconf 89' lang='lat' dir='ltr'>me</span> <span class='ocrx_word' id='word_1_99' title='bbox 710 1264 835 1324; x_wconf 89' lang='lat' dir='ltr'>salutem</span> <span class='ocrx_word' id='word_1_100' title='bbox 848 1283 912 1322; x_wconf 94' lang='lat' dir='ltr'>non</span> <span class='ocrx_word' id='word_1_101' title='bbox 926 1277 1151 1324; x_wconf 86' lang='lat' dir='ltr'>assecuturum</span> 
     </span>
     <span class='ocr_line' id='line_1_14' title="bbox 138 1354 1167 1432; baseline 0.001 -20"><span class='ocrx_word' id='word_1_102' title='bbox 138 1372 211 1425; x_wconf 89' lang='lat' dir='ltr'>esse,</span> <span class='ocrx_word' id='word_1_103' title='bbox 228 1370 433 1428; x_wconf 90' lang='lat' dir='ltr'>quaecumque</span> <span class='ocrx_word' id='word_1_104' title='bbox 448 1370 548 1426; x_wconf 89' lang='lat' dir='ltr'>egero,</span> <span class='ocrx_word' id='word_1_105' title='bbox 564 1354 688 1410; x_wconf 88' lang='lat' dir='ltr'>salutem</span> <span class='ocrx_word' id='word_1_106' title='bbox 698 1371 862 1428; x_wconf 87' lang='lat' dir='ltr'>numquam</span> <span class='ocrx_word' id='word_1_107' title='bbox 876 1354 1001 1428; x_wconf 88' lang='lat' dir='ltr'>assequi</span> <span class='ocrx_word' id='word_1_108' title='bbox 1018 1365 1150 1430; x_wconf 82' lang='lat' dir='ltr'>potera,</span> <span class='ocrx_word' id='word_1_109' title='bbox 1166 1399 1167 1432; x_wconf 75' lang='lat'>3</span> 
     </span>
     <span class='ocr_line' id='line_1_15' title="bbox 138 1440 1152 1517; baseline 0.002 -17"><span class='ocrx_word' id='word_1_110' title='bbox 138 1443 267 1517; x_wconf 91' lang='lat' dir='ltr'>ideoque</span> <span class='ocrx_word' id='word_1_111' title='bbox 288 1442 327 1499; x_wconf 90' lang='lat' dir='ltr'>de</span> <span class='ocrx_word' id='word_1_112' title='bbox 348 1442 440 1499; x_wconf 92' lang='lat' dir='ltr'>salute</span> <span class='ocrx_word' id='word_1_113' title='bbox 462 1440 535 1498; x_wconf 92' lang='lat' dir='ltr'>nihil</span> <span class='ocrx_word' id='word_1_114' title='bbox 563 1441 736 1499; x_wconf 89' lang='lat' dir='ltr'>curandum.</span> <span class='ocrx_word' id='word_1_115' title='bbox 764 1473 803 1479; x_wconf 97' lang='lat'><strong>—</strong></span> <span class='ocrx_word' id='word_1_116' title='bbox 825 1443 939 1500; x_wconf 87' lang='lat' dir='ltr'>Contra</span> <span class='ocrx_word' id='word_1_117' title='bbox 961 1443 1152 1502; x_wconf 88' lang='lat' dir='ltr'>huiusmodi</span> 
     </span>
     <span class='ocr_line' id='line_1_16' title="bbox 137 1529 1167 1607; baseline 0.003 -18"><span class='ocrx_word' id='word_1_118' title='bbox 137 1541 343 1606; x_wconf 83' lang='lat' dir='ltr'>argumentum</span> <span class='ocrx_word' id='word_1_119' title='bbox 364 1531 440 1588; x_wconf 89' lang='lat' dir='ltr'>haec</span> <span class='ocrx_word' id='word_1_120' title='bbox 461 1529 525 1588; x_wconf 83' lang='lat' dir='ltr'>heri</span> <span class='ocrx_word' id='word_1_121' title='bbox 539 1540 638 1605; x_wconf 90' lang='lat' dir='ltr'>potest</span> <span class='ocrx_word' id='word_1_122' title='bbox 651 1530 789 1588; x_wconf 90' lang='lat' dir='ltr'>retorsio:</span> <span class='ocrx_word' id='word_1_123' title='bbox 813 1532 870 1588; x_wconf 90' lang='lat' dir='ltr'>Vel</span> <span class='ocrx_word' id='word_1_124' title='bbox 885 1533 971 1590; x_wconf 89' lang='lat' dir='ltr'>Deus</span> <span class='ocrx_word' id='word_1_125' title='bbox 994 1533 1167 1607; x_wconf 89' lang='lat' dir='ltr'>providet</span> 
     </span>
     <span class='ocr_line' id='line_1_17' title="bbox 138 1618 1152 1695; baseline 0.005 -18"><span class='ocrx_word' id='word_1_126' title='bbox 138 1638 186 1677; x_wconf 91' lang='lat' dir='ltr'>me</span> <span class='ocrx_word' id='word_1_127' title='bbox 208 1621 286 1677; x_wconf 83' lang='lat' dir='ltr'>fame</span> <span class='ocrx_word' id='word_1_128' title='bbox 307 1618 481 1676; x_wconf 91' lang='lat' dir='ltr'>moriturum</span> <span class='ocrx_word' id='word_1_129' title='bbox 502 1636 567 1677; x_wconf 90' lang='lat' dir='ltr'>esse</span> <span class='ocrx_word' id='word_1_130' title='bbox 587 1619 636 1678; x_wconf 89' lang='lat' dir='ltr'>vel</span> <span class='ocrx_word' id='word_1_131' title='bbox 656 1638 728 1678; x_wconf 91' lang='lat' dir='ltr'>non.</span> <span class='ocrx_word' id='word_1_132' title='bbox 765 1620 796 1678; x_wconf 88' lang='lat' dir='ltr'>Si</span> <span class='ocrx_word' id='word_1_133' title='bbox 817 1619 956 1695; x_wconf 89' lang='lat' dir='ltr'>providet</span> <span class='ocrx_word' id='word_1_134' title='bbox 979 1640 1036 1680; x_wconf 91' lang='lat' dir='ltr'>me</span> <span class='ocrx_word' id='word_1_135' title='bbox 1064 1623 1152 1682; x_wconf 84' lang='lat' dir='ltr'>fame</span> 
     </span>
     <span class='ocr_line' id='line_1_18' title="bbox 138 1707 1167 1788; baseline -0.002 -22"><span class='ocrx_word' id='word_1_136' title='bbox 138 1709 320 1779; x_wconf 88' lang='lat' dir='ltr'>moriturum,</span> <span class='ocrx_word' id='word_1_137' title='bbox 332 1707 446 1766; x_wconf 87' lang='lat' dir='ltr'>etiamsi</span> <span class='ocrx_word' id='word_1_138' title='bbox 456 1707 558 1777; x_wconf 91' lang='lat' dir='ltr'>edero,</span> <span class='ocrx_word' id='word_1_139' title='bbox 569 1708 648 1766; x_wconf 83' lang='lat' dir='ltr'>fame</span> <span class='ocrx_word' id='word_1_140' title='bbox 658 1708 781 1766; x_wconf 89' lang='lat' dir='ltr'>moriar:</span> <span class='ocrx_word' id='word_1_141' title='bbox 793 1727 866 1784; x_wconf 91' lang='lat' dir='ltr'>ergo</span> <span class='ocrx_word' id='word_1_142' title='bbox 876 1708 951 1766; x_wconf 91' lang='lat' dir='ltr'>nihil</span> <span class='ocrx_word' id='word_1_143' title='bbox 962 1710 1153 1788; x_wconf 73' lang='lat' dir='ltr'>edendum3</span> <span class='ocrx_word' id='word_1_144' title='bbox 1166 1755 1167 1764; x_wconf 70' lang='grc'>,</span> 
     </span>
     <span class='ocr_line' id='line_1_19' title="bbox 138 1796 1153 1874; baseline 0.004 -17"><span class='ocrx_word' id='word_1_145' title='bbox 138 1799 162 1857; x_wconf 89' lang='lat' dir='ltr'>si</span> <span class='ocrx_word' id='word_1_146' title='bbox 176 1816 248 1857; x_wconf 91' lang='lat' dir='ltr'>vero</span> <span class='ocrx_word' id='word_1_147' title='bbox 263 1796 401 1874; x_wconf 88' lang='lat' dir='ltr'>providet</span> <span class='ocrx_word' id='word_1_148' title='bbox 409 1815 457 1856; x_wconf 89' lang='lat' dir='ltr'>me</span> <span class='ocrx_word' id='word_1_149' title='bbox 469 1797 547 1855; x_wconf 85' lang='lat' dir='ltr'>same</span> <span class='ocrx_word' id='word_1_150' title='bbox 557 1815 621 1855; x_wconf 92' lang='lat' dir='ltr'>non</span> <span class='ocrx_word' id='word_1_151' title='bbox 630 1797 814 1869; x_wconf 86' lang='lat' dir='ltr'>moriturum,</span> <span class='ocrx_word' id='word_1_152' title='bbox 826 1797 939 1857; x_wconf 85' lang='lat' dir='ltr'>etiamsi</span> <span class='ocrx_word' id='word_1_153' title='bbox 949 1816 1021 1858; x_wconf 91' lang='lat' dir='ltr'>non</span> <span class='ocrx_word' id='word_1_154' title='bbox 1035 1801 1153 1873; x_wconf 89' lang='lat' dir='ltr'>edero,</span> 
     </span>
     <span class='ocr_line' id='line_1_20' title="bbox 139 1886 1095 1962; baseline 0.004 -17"><span class='ocrx_word' id='word_1_155' title='bbox 139 1888 218 1945; x_wconf 88' lang='lat' dir='ltr'>fame</span> <span class='ocrx_word' id='word_1_156' title='bbox 239 1898 340 1945; x_wconf 88' lang='lat' dir='ltr'>tamen</span> <span class='ocrx_word' id='word_1_157' title='bbox 361 1905 424 1944; x_wconf 92' lang='lat' dir='ltr'>non</span> <span class='ocrx_word' id='word_1_158' title='bbox 444 1886 583 1959; x_wconf 85' lang='lat' dir='ltr'>interib0,</span> <span class='ocrx_word' id='word_1_159' title='bbox 605 1886 795 1962; x_wconf 89' lang='lat' dir='ltr'>proindeque</span> <span class='ocrx_word' id='word_1_160' title='bbox 817 1887 889 1944; x_wconf 92' lang='lat' dir='ltr'>nihil</span> <span class='ocrx_word' id='word_1_161' title='bbox 911 1888 1095 1949; x_wconf 91' lang='lat' dir='ltr'>edendum.</span> 
     </span>
    </p>
   </div>
   <div class='ocr_carea' id='block_1_5' title="bbox 228 2053 1049 2120">
    <p class='ocr_par' dir='ltr' id='par_1_6' title="bbox 228 2053 1049 2120">
     <span class='ocr_line' id='line_1_21' title="bbox 228 2053 1049 2120; baseline 0.004 -15"><span class='ocrx_word' id='word_1_162' title='bbox 228 2053 246 2120; x_wconf 68' lang='grc' dir='ltr'>ἓ</span> <span class='ocrx_word' id='word_1_163' title='bbox 265 2070 288 2105; x_wconf 85' lang='lat'>2.</span> <span class='ocrx_word' id='word_1_164' title='bbox 321 2058 364 2105; x_wconf 88' lang='lat' dir='ltr'>De</span> <span class='ocrx_word' id='word_1_165' title='bbox 383 2056 599 2119; x_wconf 79' lang='lat' dir='ltr'>probationibus</span> <span class='ocrx_word' id='word_1_166' title='bbox 618 2056 797 2105; x_wconf 86' lang='lat' dir='ltr'>inveniendis</span> <span class='ocrx_word' id='word_1_167' title='bbox 816 2065 844 2105; x_wconf 87' lang='lat' dir='ltr'>et</span> <span class='ocrx_word' id='word_1_168' title='bbox 862 2057 1049 2109; x_wconf 84' lang='lat' dir='ltr'>ordinandis.</span> 
     </span>
    </p>
   </div>
   <div class='ocr_carea' id='block_1_6' title="bbox 198 2170 1164 2246">
    <p class='ocr_par' dir='ltr' id='par_1_7' title="bbox 198 2170 1164 2246">
     <span class='ocr_line' id='line_1_22' title="bbox 198 2170 1164 2246; baseline -0.004 -19"><span class='ocrx_word' id='word_1_169' title='bbox 198 2171 440 2245; x_wconf 80' lang='lat' dir='ltr'>Argumentorum</span> <span class='ocrx_word' id='word_1_170' title='bbox 459 2171 591 2228; x_wconf 70' lang='lat' dir='ltr'>inventri).</span> <span class='ocrx_word' id='word_1_171' title='bbox 608 2200 646 2208; x_wconf 80' lang='lat'><em>-</em></span> <span class='ocrx_word' id='word_1_172' title='bbox 663 2172 710 2229; x_wconf 92' lang='lat' dir='ltr'>De</span> <span class='ocrx_word' id='word_1_173' title='bbox 737 2170 925 2229; x_wconf 90' lang='lat' dir='ltr'>inveniendis</span> <span class='ocrx_word' id='word_1_174' title='bbox 947 2174 1164 2246; x_wconf 81' lang='lat' dir='ltr'>argumentis.</span> 
     </span>
    </p>
   </div>
   <div class='ocr_carea' id='block_1_7' title="bbox 133 2268 1165 3146">
    <p class='ocr_par' dir='ltr' id='par_1_8' title="bbox 139 2268 1165 2506">
     <span class='ocr_line' id='line_1_23' title="bbox 139 2268 1165 2347; baseline 0.005 -22"><span class='ocrx_word' id='word_1_175' title='bbox 139 2268 236 2343; x_wconf 92' lang='lat' dir='ltr'>primo</span> <span class='ocrx_word' id='word_1_176' title='bbox 263 2269 371 2328; x_wconf 91' lang='lat' dir='ltr'>dicturi</span> <span class='ocrx_word' id='word_1_177' title='bbox 397 2268 436 2327; x_wconf 89' lang='lat' dir='ltr'>ad</span> <span class='ocrx_word' id='word_1_178' title='bbox 464 2269 753 2343; x_wconf 88' lang='lat' dir='ltr'>argumentationem</span> <span class='ocrx_word' id='word_1_179' title='bbox 782 2268 926 2327; x_wconf 87' lang='lat' dir='ltr'>directam</span> <span class='ocrx_word' id='word_1_180' title='bbox 953 2273 1165 2347; x_wconf 26' lang='lat' dir='ltr'>praesertim·</span> 
     </span>
     <span class='ocr_line' id='line_1_24' title="bbox 139 2357 1152 2419; baseline 0.003 -3"><span class='ocrx_word' id='word_1_181' title='bbox 139 2358 326 2417; x_wconf 75' lang='lat' dir='ltr'>attendimus,</span> <span class='ocrx_word' id='word_1_182' title='bbox 368 2361 446 2416; x_wconf 88' lang='lat' dir='ltr'>Tota</span> <span class='ocrx_word' id='word_1_183' title='bbox 473 2375 546 2415; x_wconf 90' lang='lat' dir='ltr'>vero</span> <span class='ocrx_word' id='word_1_184' title='bbox 573 2357 659 2415; x_wconf 89' lang='lat' dir='ltr'>huius</span> <span class='ocrx_word' id='word_1_185' title='bbox 688 2358 730 2415; x_wconf 90' lang='lat' dir='ltr'>rei</span> <span class='ocrx_word' id='word_1_186' title='bbox 757 2357 915 2416; x_wconf 85' lang='lat' dir='ltr'>difficultas</span> <span class='ocrx_word' id='word_1_187' title='bbox 943 2360 1099 2419; x_wconf 88' lang='lat' dir='ltr'>consistit</span> <span class='ocrx_word' id='word_1_188' title='bbox 1120 2363 1152 2419; x_wconf 88' lang='lat' dir='ltr'>in</span> 
     </span>
     <span class='ocr_line' id='line_1_25' title="bbox 140 2448 443 2506; baseline -0.003 -1"><span class='ocrx_word' id='word_1_189' title='bbox 140 2448 229 2505; x_wconf 84' lang='lat' dir='ltr'>medio</span> <span class='ocrx_word' id='word_1_190' title='bbox 249 2448 415 2506; x_wconf 80' lang='lat' dir='ltr'>inveniendo</span> <span class='ocrx_word' id='word_1_191' title='bbox 426 2450 443 2504; x_wconf 85' lang='lat'>¹.</span> 
     </span>
    </p>

    <p class='ocr_par' dir='ltr' id='par_1_9' title="bbox 133 2534 1153 3146">
     <span class='ocr_line' id='line_1_26' title="bbox 198 2534 1150 2613; baseline 0.002 -18"><span class='ocrx_word' id='word_1_192' title='bbox 198 2537 365 2595; x_wconf 87' lang='lat' dir='ltr'>Fatendum</span> <span class='ocrx_word' id='word_1_193' title='bbox 395 2535 517 2611; x_wconf 88' lang='lat' dir='ltr'>quidem</span> <span class='ocrx_word' id='word_1_194' title='bbox 547 2545 592 2593; x_wconf 90' lang='lat' dir='ltr'>est</span> <span class='ocrx_word' id='word_1_195' title='bbox 622 2534 826 2593; x_wconf 90' lang='lat' dir='ltr'>inventionem</span> <span class='ocrx_word' id='word_1_196' title='bbox 861 2535 953 2593; x_wconf 91' lang='lat' dir='ltr'>medii</span> <span class='ocrx_word' id='word_1_197' title='bbox 988 2556 1150 2613; x_wconf 85' lang='lat' dir='ltr'>magnam</span> 
     </span>
     <span class='ocr_line' id='line_1_27' title="bbox 140 2624 1153 2703; baseline 0.003 -19"><span class='ocrx_word' id='word_1_198' title='bbox 140 2638 255 2701; x_wconf 90' lang='lat' dir='ltr'>partem</span> <span class='ocrx_word' id='word_1_199' title='bbox 276 2627 314 2683; x_wconf 90' lang='lat' dir='ltr'>ab</span> <span class='ocrx_word' id='word_1_200' title='bbox 336 2626 385 2683; x_wconf 91' lang='lat' dir='ltr'>illa</span> <span class='ocrx_word' id='word_1_201' title='bbox 399 2624 559 2699; x_wconf 89' lang='lat' dir='ltr'>sagacitate</span> <span class='ocrx_word' id='word_1_202' title='bbox 581 2634 612 2682; x_wconf 90' lang='lat' dir='ltr'>et</span> <span class='ocrx_word' id='word_1_203' title='bbox 626 2624 756 2683; x_wconf 87' lang='lat' dir='ltr'>sollertia</span> <span class='ocrx_word' id='word_1_204' title='bbox 777 2624 869 2682; x_wconf 89' lang='lat' dir='ltr'>animi</span> <span class='ocrx_word' id='word_1_205' title='bbox 883 2624 1037 2701; x_wconf 90' lang='lat' dir='ltr'>pendere,</span> <span class='ocrx_word' id='word_1_206' title='bbox 1066 2647 1153 2703; x_wconf 85' lang='lat' dir='ltr'>quae</span> 
     </span>
     <span class='ocr_line' id='line_1_28' title="bbox 139 2713 1153 2790; baseline 0.002 -17"><span class='ocrx_word' id='word_1_207' title='bbox 139 2715 286 2790; x_wconf 90' lang='lat' dir='ltr'>contingit</span> <span class='ocrx_word' id='word_1_208' title='bbox 305 2733 343 2773; x_wconf 89' lang='lat' dir='ltr'>ex</span> <span class='ocrx_word' id='word_1_209' title='bbox 370 2714 496 2772; x_wconf 89' lang='lat' dir='ltr'>naturali</span> <span class='ocrx_word' id='word_1_210' title='bbox 516 2713 698 2789; x_wconf 86' lang='lat' dir='ltr'>aptitudine,</span> <span class='ocrx_word' id='word_1_211' title='bbox 728 2732 787 2789; x_wconf 86' lang='lat' dir='ltr'>qua</span> <span class='ocrx_word' id='word_1_212' title='bbox 809 2714 874 2789; x_wconf 88' lang='lat' dir='ltr'>quis</span> <span class='ocrx_word' id='word_1_213' title='bbox 897 2713 1009 2772; x_wconf 92' lang='lat' dir='ltr'>videns</span> <span class='ocrx_word' id='word_1_214' title='bbox 1034 2736 1153 2775; x_wconf 85' lang='lat' dir='ltr'>causas</span> 
     </span>
     <span class='ocr_line' id='line_1_29' title="bbox 139 2802 1150 2879; baseline 0.003 -17"><span class='ocrx_word' id='word_1_215' title='bbox 139 2804 252 2863; x_wconf 87' lang='lat' dir='ltr'>medias</span> <span class='ocrx_word' id='word_1_216' title='bbox 274 2803 428 2879; x_wconf 89' lang='lat' dir='ltr'>cognoscit</span> <span class='ocrx_word' id='word_1_217' title='bbox 449 2813 479 2861; x_wconf 91' lang='lat' dir='ltr'>et</span> <span class='ocrx_word' id='word_1_218' title='bbox 499 2802 629 2875; x_wconf 79' lang='lat' dir='ltr'>ultimaS,</span> <span class='ocrx_word' id='word_1_219' title='bbox 658 2803 689 2859; x_wconf 92' lang='lat' dir='ltr'>in</span> <span class='ocrx_word' id='word_1_220' title='bbox 711 2822 784 2879; x_wconf 86' lang='lat' dir='ltr'>quas</span> <span class='ocrx_word' id='word_1_221' title='bbox 806 2821 912 2861; x_wconf 88' lang='lat' dir='ltr'>omnes</span> <span class='ocrx_word' id='word_1_222' title='bbox 933 2806 1150 2865; x_wconf 89' lang='lat' dir='ltr'>resolvuntur.</span> 
     </span>
     <span class='ocr_line' id='line_1_30' title="bbox 140 2892 1149 2971; baseline 0.001 -20"><span class='ocrx_word' id='word_1_223' title='bbox 140 2894 200 2952; x_wconf 94' lang='lat' dir='ltr'>Sed</span> <span class='ocrx_word' id='word_1_224' title='bbox 228 2895 362 2968; x_wconf 91' lang='lat' dir='ltr'>quamvis</span> <span class='ocrx_word' id='word_1_225' title='bbox 388 2894 516 2950; x_wconf 80' lang='lat' dir='ltr'>invenire</span> <span class='ocrx_word' id='word_1_226' title='bbox 543 2901 718 2967; x_wconf 88' lang='lat' dir='ltr'>argumenta</span> <span class='ocrx_word' id='word_1_227' title='bbox 746 2892 869 2951; x_wconf 90' lang='lat' dir='ltr'>rationis</span> <span class='ocrx_word' id='word_1_228' title='bbox 897 2892 934 2951; x_wconf 89' lang='lat' dir='ltr'>sit</span> <span class='ocrx_word' id='word_1_229' title='bbox 955 2905 988 2951; x_wconf 91' lang='lat' dir='ltr'>et</span> <span class='ocrx_word' id='word_1_230' title='bbox 1010 2894 1149 2971; x_wconf 85' lang='lat' dir='ltr'>ingenii,</span> 
     </span>
     <span class='ocr_line' id='line_1_31' title="bbox 133 2980 1149 3057; baseline 0.006 -19"><span class='ocrx_word' id='word_1_231' title='bbox 133 2982 227 3056; x_wconf 83' lang='lat' dir='ltr'>facile</span> <span class='ocrx_word' id='word_1_232' title='bbox 236 2992 338 3040; x_wconf 89' lang='lat' dir='ltr'>tamen</span> <span class='ocrx_word' id='word_1_233' title='bbox 347 2980 482 3040; x_wconf 90' lang='lat' dir='ltr'>invenire</span> <span class='ocrx_word' id='word_1_234' title='bbox 496 2982 566 3039; x_wconf 90' lang='lat' dir='ltr'>artis</span> <span class='ocrx_word' id='word_1_235' title='bbox 580 2991 624 3039; x_wconf 89' lang='lat' dir='ltr'>est</span> <span class='ocrx_word' id='word_1_236' title='bbox 634 2992 664 3039; x_wconf 91' lang='lat' dir='ltr'>et</span> <span class='ocrx_word' id='word_1_237' title='bbox 677 2980 811 3039; x_wconf 83' lang='lat' dir='ltr'>exercitii</span> <span class='ocrx_word' id='word_1_238' title='bbox 822 2981 989 3057; x_wconf 86' lang='lat' dir='ltr'>frequentis</span> <span class='ocrx_word' id='word_1_239' title='bbox 1000 2985 1149 3043; x_wconf 89' lang='lat' dir='ltr'>effectus.</span> 
     </span>
     <span class='ocr_line' id='line_1_32' title="bbox 141 3070 1101 3146; baseline 0.005 -19"><span class='ocrx_word' id='word_1_240' title='bbox 141 3070 231 3127; x_wconf 89' lang='lat' dir='ltr'>Cuius</span> <span class='ocrx_word' id='word_1_241' title='bbox 252 3071 320 3127; x_wconf 90' lang='lat' dir='ltr'>artis</span> <span class='ocrx_word' id='word_1_242' title='bbox 341 3080 499 3143; x_wconf 91' lang='lat' dir='ltr'>sequentes</span> <span class='ocrx_word' id='word_1_243' title='bbox 520 3070 641 3143; x_wconf 91' lang='lat' dir='ltr'>regulae</span> <span class='ocrx_word' id='word_1_244' title='bbox 656 3072 812 3143; x_wconf 90' lang='lat' dir='ltr'>generales</span> <span class='ocrx_word' id='word_1_245' title='bbox 827 3070 914 3129; x_wconf 88' lang='lat' dir='ltr'>statui</span> <span class='ocrx_word' id='word_1_246' title='bbox 935 3086 1072 3146; x_wconf 91' lang='lat' dir='ltr'>possunt</span> <span class='ocrx_word' id='word_1_247' title='bbox 1082 3075 1101 3132; x_wconf 75' lang='lat'>².</span> 
     </span>
    </p>
   </div>
   <div class='ocr_carea' id='block_1_8' title="bbox 202 3240 1148 3388">
    <p class='ocr_par' dir='ltr' id='par_1_10' title="bbox 202 3240 1148 3388">
     <span class='ocr_line' id='line_1_33' title="bbox 203 3240 1148 3307; baseline 0.015 -20"><span class='ocrx_word' id='word_1_248' title='bbox 203 3240 211 3270; x_wconf 93' lang='lat'><strong>¹</strong></span> <span class='ocrx_word' id='word_1_249' title='bbox 230 3243 325 3290; x_wconf 90' lang='lat' dir='ltr'>Recole</span> <span class='ocrx_word' id='word_1_250' title='bbox 341 3260 378 3302; x_wconf 85' lang='lat' dir='ltr'>ea,</span> <span class='ocrx_word' id='word_1_251' title='bbox 398 3261 461 3307; x_wconf 82' lang='lat' dir='ltr'>quae</span> <span class='ocrx_word' id='word_1_252' title='bbox 475 3246 507 3293; x_wconf 91' lang='lat' dir='ltr'>de</span> <span class='ocrx_word' id='word_1_253' title='bbox 520 3247 603 3294; x_wconf 84' lang='lat' dir='ltr'>medio</span> <span class='ocrx_word' id='word_1_254' title='bbox 617 3247 724 3295; x_wconf 91' lang='lat' dir='ltr'>termino</span> <span class='ocrx_word' id='word_1_255' title='bbox 738 3247 762 3295; x_wconf 88' lang='lat' dir='ltr'>in</span> <span class='ocrx_word' id='word_1_256' title='bbox 776 3249 909 3297; x_wconf 87' lang='lat' dir='ltr'>dialectica</span> <span class='ocrx_word' id='word_1_257' title='bbox 922 3249 1061 3298; x_wconf 81' lang='lat' dir='ltr'>declarata</span> <span class='ocrx_word' id='word_1_258' title='bbox 1075 3264 1148 3301; x_wconf 87' lang='lat' dir='ltr'>sunt.</span> 
     </span>
     <span class='ocr_line' id='line_1_34' title="bbox 202 3315 612 3388; baseline 0.02 -24"><span class='ocrx_word' id='word_1_259' title='bbox 202 3315 213 3346; x_wconf 79' lang='lat'>²</span> <span class='ocrx_word' id='word_1_260' title='bbox 232 3319 271 3365; x_wconf 85' lang='lat' dir='ltr'>Cf.</span> <span class='ocrx_word' id='word_1_261' title='bbox 292 3320 366 3367; x_wconf 68' lang='lat' dir='ltr'>Pescla</span> <span class='ocrx_word' id='word_1_262' title='bbox 384 3322 401 3369; x_wconf 92' lang='lat' dir='ltr'>l.</span> <span class='ocrx_word' id='word_1_263' title='bbox 421 3338 442 3369; x_wconf 93' lang='lat' dir='ltr'>c.</span> <span class='ocrx_word' id='word_1_264' title='bbox 462 3323 483 3382; x_wconf 87' lang='lat'>1,</span> <span class='ocrx_word' id='word_1_265' title='bbox 503 3334 554 3384; x_wconf 89' lang='lat'>497</span> <span class='ocrx_word' id='word_1_266' title='bbox 575 3341 612 3388; x_wconf 88' lang='lat' dir='ltr'>sq.</span> 
     </span>
    </p>
   </div>
   <div class='ocr_carea' id='block_1_9' title="bbox 0 0 1184 3700">
    <p class='ocr_par' dir='ltr' id='par_1_11' title="bbox 0 0 1184 3700">
     <span class='ocr_line' id='line_1_35' title="bbox 0 0 1184 3700; baseline 0 0"><span class='ocrx_word' id='word_1_267' title='bbox 0 0 1184 3700; x_wconf 95' lang='lat' dir='ltr'> </span> 
     </span>
    </p>
   </div>
  </div>
 </body>
</html>
