2350 3700
41 374 48 440 l

888 24 1160 129 T*

169 174 222 222 244
283 174 322 209 DE
343 173 583 209 PROPRIETATlBUS
604 172 686 208 ENTlS
706 171 1050 208 TRANSCENDENTALIBUS.

226 323 247 378 l.
270 320 373 378 Uiritus
393 322 479 378 realis
499 331 543 379 est
564 321 694 378 indivisio
714 320 833 377 alicuius
853 322 904 389 rei,
926 337 998 393 quae
1018 326 1052 375 ut
1070 338 1158 375 unum

164 410 237 484 quid
252 411 362 467 exsistit
382 419 605 481 independenter
623 434 640 467 a
663 418 766 467 mentis
791 418 1025 467 consideratione.
1069 409 1158 465 Haec

165 499 260 556 unitas
282 499 447 572 generatim
468 508 512 556 est
532 498 580 555 vel
602 498 796 573 simplicitatis
817 498 864 556 vel
886 497 1124 572 compositionis

232 608 256 645 1.
279 586 386 645 Unitas
406 588 592 662 simplicitatis
606 596 650 646 est
670 586 808 644 indivisio
823 604 924 644 earum
939 604 1047 656 rerum,
1072 603 1160 659 quae,

165 693 233 733 curn
253 675 385 749 partibus
406 685 535 745 careant,
557 693 620 733 non
635 676 731 733 solum
746 684 815 733 actu
835 674 981 733 indivisae
1003 684 1081 746 sunt,
1106 675 1160 732 sed

166 783 205 824 ne
227 765 258 821 in
279 766 364 839 plura
386 763 509 838 quidem
530 764 588 821 alia
609 763 701 821 dividi
722 774 854 839 possunt.
890 763 971 821 Talis
993 773 1039 821 est
1060 764 1160 821 unitas

166 853 234 924 Dei,
256 853 373 911 animae
394 854 550 923 humanae,
575 862 633 911 etc.

227 962 253 1000 2.
271 943 377 1000 Unitas
398 943 599 1018 compositionis
619 951 664 999 est
677 940 815 1000 indivisio
830 958 932 999 earum
947 960 1055 1011 rerum,
1080 958 1160 1016 quae

165 1031 297 1105 partibus
317 1031 444 1088 realibus
465 1041 617 1100 constant,
644 1040 673 1088 et
694 1048 772 1104 quae
792 1029 921 1106 proinde
942 1040 1010 1088 actu
1033 1030 1160 1105 quidem

165 1131 232 1178 sunt
258 1118 418 1190 indivisae,
448 1120 501 1178 sed
528 1130 628 1177 tamen
654 1118 685 1176 in
712 1119 797 1194 plura
822 1119 881 1176 alia
902 1118 995 1176 dividi
1016 1129 1158 1194 possunt:

164 1208 261 1267 unitas
281 1208 410 1267 hominis
429 1210 477 1266 vel
498 1207 620 1267 alicuius
640 1207 797 1266 societatis.
834 1208 920 1281 Quae
940 1207 1061 1281 quidem
1078 1227 1159 1265 com·

165 1297 320 1373 positionis
348 1297 443 1355 unitas
471 1296 635 1371 generatim
656 1296 766 1372 duplex
793 1296 995 1370 distinguitur:
1025 1298 1159 1355 substan·

166 1386 241 1444 tialis
261 1386 373 1443 scilicet
394 1398 423 1444 et
443 1385 644 1443 accidentalis

226 1470 255 1549 a)
277 1474 383 1533 Unitas
396 1475 588 1531 substantialis
609 1484 654 1531 est
673 1472 811 1532 indivisio
828 1474 950 1533 alicuius
964 1474 1157 1541 substantiae,

167 1582 244 1639 quae
265 1573 381 1621 constat
404 1562 536 1638 pluribus
564 1563 697 1637 partibus
726 1562 871 1621 essentiae
898 1562 990 1637 ipsius
1019 1563 1160 1621 constitu·

166 1653 242 1711 tivis.
282 1652 364 1710 Talis
386 1661 429 1710 est
450 1652 545 1709 unitas
567 1650 696 1708 hominis
717 1651 879 1709 constantis
904 1669 941 1710 ex
970 1670 1101 1727 corpore
1131 1660 1160 1709 et

168 1742 275 1800 anima.

226 1831 258 1906 b)
274 1831 379 1889 Unitas
393 1830 569 1888 accidentalis
579 1838 623 1888 est
632 1828 770 1888 indivisio
779 1827 907 1905 plurium
916 1830 1159 1900 substantiarum,

167 1939 230 1979 uon
250 1920 281 1976 in
302 1938 334 1978 se
355 1919 434 1995 ipsis,
457 1919 527 1993 quia
540 1937 644 1977 revera
659 1929 725 1977 sunt
739 1918 851 1977 divisae
873 1929 902 1977 et
916 1930 1081 1994 separatae,
1107 1921 1158 1979 sed

168 2011 198 2067 in
226 2009 382 2067 accidente
409 2007 540 2082 quodam
569 2008 720 2064 communi
740 2005 811 2083 ipsis
835 2007 1081 2083 superveniente,
1114 2009 1157 2085 vel

167 2097 271 2168 etiam,
301 2096 439 2154 indivisio
466 2096 589 2154 alicuius
621 2097 800 2156 substantiae
832 2116 898 2155 cum
929 2097 986 2155 suis
1017 2097 1155 2157 accident

167 2187 252 2244 tibus.
295 2186 376 2244 Talis
403 2195 447 2244 est
473 2185 570 2243 unitas
599 2186 724 2243 duorum
752 2203 897 2261 equorum
918 2205 1009 2244 unum
1038 2207 1132 2246 curru

167 2274 360 2344 trahentium,
390 2274 484 2332 unitas
510 2275 713 2332 membrorum
734 2275 889 2334 Ecclesiae
917 2276 962 2333 vel
991 2275 1127 2351 ingene

167 2363 288 2421 alicuius
309 2363 473 2433 societatis,
500 2364 596 2421 unitas
622 2381 699 2437 quae
727 2363 837 2422 exsistit
865 2363 942 2422 inter
965 2376 1109 2438 agentem

168 2454 317 2511 actionem
339 2451 409 2510 eius.
855 2446 857 2450 ’

227 2542 333 2601 Unitas
347 2541 405 2611 illa,
422 2541 543 2616 quando
559 2540 743 2598 constituitur
758 2541 921 2599 secundum
936 2542 1017 2616 leges
1032 2554 1123 2601 natur

166 2631 323 2707 physicae,
354 2630 371 2688 i.
394 2648 419 2688 e.
442 2631 570 2687 libertate
589 2631 750 2698 destitutae,
772 2630 880 2688 dicitur
897 2631 1033 2705 physica:
1061 2633 1116 2690 uni

152 2739 327 2796 equorum,
356 2719 394 2778 de
417 2717 523 2792 quibus
544 2737 646 2794 supra,
675 2718 772 2776 unitas
799 2719 979 2777 substantiae
1007 2739 1077 2777 cum
1101 2741 1115 2779 s

167 2809 381 2867 accidentibus.

228 2897 359 2969 Quando
380 2914 452 2955 vero
474 2894 570 2953 unitas
592 2895 784 2954 accidentalis
805 2911 867 2954 non
888 2898 1054 2956 secundum
1076 2901 1105 2958 le

165 2995 288 3043 naturae
310 2984 451 3060 physicae
466 2983 659 3054 constituitur,
681 2986 733 3043 sed
748 2987 843 3044 oritur
862 3004 898 3043 cx
911 2987 1000 3044 libera
1014 2993 1114 3062 agenti

167 3073 316 3129 moralium
330 3073 372 3128 ad
380 3073 564 3145 unumfincm
580 3082 732 3140 tendentia,
747 3084 818 3132 tunc
832 3074 971 3133 indivisio
985 3075 1035 3134 illa
1050 3077 1110 3136 dici

167 3159 262 3215 unitas
283 3159 409 3216 moralis.
449 3158 531 3216 Talis
551 3169 596 3216 est
616 3159 711 3218 unitas
732 3164 937 3221 membrorum
950 3165 1122 3225 Ecclesiae'

228 3245 318 3317 Quod
339 3246 363 3303 si
384 3247 422 3303 ad
436 3249 572 3318 originem
593 3247 710 3306 unitatis
725 3252 951 3326 compositionis
965 3257 1110 3314 attendim
1126 3319 1127 3322 Ἴ

168 3331 256 3388 aliam
276 3333 438 3390 naturalem
460 3352 523 3392 esse
544 3334 687 3407 videmus,
709 3337 797 3396 aliam
819 3341 1011 3416 artificialem,
