2350 3700
109 151 147 186 DE
167 152 318 188 DIVISIONE
337 153 483 189 GENERALI
503 153 699 191 SUBSTANTIAE
720 154 756 189 ET
777 154 957 191 ACCIDENTIS.
997 143 1047 203 269

65 299 153 373 Atqui
179 301 257 357 haec
284 299 339 358 erit
366 302 537 359 substantia.
586 303 668 376 Ergo
696 301 781 360 notio
811 300 990 361 substantiae
1018 302 1048 360 in

64 387 190 446 realitate
212 390 343 463 quadam
365 390 503 449 fundatur
524 408 623 465 neque
651 409 765 449 merum
793 402 838 449 est
864 390 971 450 mentis
999 392 1048 466 fig-

63 487 199 535 mentum.

437 570 604 619 Anrrcrrnus
625 580 666 617 111.

197 681 246 729 DE
265 681 449 730 DIVISIONE
468 682 651 731 GENERALI
671 682 911 733 SUBSTANTIAE

410 762 455 810 ET
474 762 697 812 ACCIDENTIS.

228 890 246 957 ξ
268 907 289 943 1.
322 896 365 943 De
384 896 503 945 diversis
522 896 699 945 substantiae
719 896 879 958 speciebus.

117 1008 289 1067 Substantia
317 1009 456 1068 dividitur
484 1010 514 1067 in
544 1010 738 1069 substantiam
766 1012 893 1086 primam
925 1022 954 1069 et
984 1012 1049 1070 sub·

62 1096 194 1154 stantiam
224 1098 397 1158 secundam.

116 1186 289 1246 Substantia
303 1191 403 1264 prima
423 1187 576 1247 definitur:
606 1207 660 1257 res,
681 1206 754 1263 quur
775 1207 861 1263 neque
881 1191 911 1247 in
932 1190 1048 1247 subiecto

61 1276 150 1349 aliquo
172 1280 285 1334 exstitit
303 1296 352 1334 nec
370 1280 404 1335 de
422 1280 540 1335 nabutte
560 1280 656 1353 alz'quo
669 1279 838 1355 praedicari
854 1286 952 1353 potest.
996 1280 1048 1337 Est

60 1365 119 1439 ipsa
140 1366 272 1425 essentia
292 1367 415 1443 physica
430 1363 469 1443 (p.
487 1362 556 1442 ²33)
577 1378 607 1426 et
628 1367 789 1437 individua,
812 1378 957 1443 quatenus
979 1386 1048 1425 con-

60 1453 203 1513 sideratur
217 1455 249 1514 in
262 1456 327 1532 ipsa
340 1456 478 1532 specialis
492 1458 555 1515 eius
569 1457 677 1515 modus
691 1457 818 1529 essendi,
834 1457 865 1513 in
879 1474 910 1515 se
926 1456 1046 1527 scilicet,

61 1544 171 1601 nonin
193 1544 262 1603 alio.
305 1546 442 1605 Socrates
464 1564 489 1604 e.
512 1565 550 1621 g.‚
573 1547 622 1604 hic
643 1547 750 1617 homo,
780 1555 847 1604 sunt
868 1544 1047 1603 substantiae

60 1632 180 1706 primae.
218 1635 388 1693 Substantia
407 1635 504 1710 prima
525 1635 605 1693 idem
620 1634 748 1710 proinde
769 1646 813 1693 est
834 1653 869 1691 ac
890 1635 1048 1692 substantia

60 1723 214 1780 tadzoz'tl'ua,

115 1812 288 1871 Substantia
308 1814 428 1871 sectanda
448 1832 485 1872 ea
506 1822 558 1885 est,
579 1830 652 1888 quae
672 1832 728 1871 nan
748 1819 789 1870 est
808 1813 917 1888 quidem
938 1812 968 1871 in
988 1812 1047 1870 sub-

60 1903 130 1970 iecto,
153 1903 257 1959 redde
277 1904 393 1960 subiecto
408 1903 602 1978 praeficiatur.
645 1905 699 1961 Est
726 1903 790 1978 ipsa
811 1903 938 1961 essentia
959 1911 1048 1960 meta·

59 1991 180 2066 physica
194 2001 226 2050 et
238 1993 417 2062 unebersalis,
439 1994 486 2051 vel
501 2011 593 2051 unum
607 2010 644 2050 ex
658 1991 813 2050 elementis
826 1991 1047 2066 metaphysicae

59 2081 203 2139 essentiae
226 2076 299 2155 (sive
319 2099 414 2156 genus
434 2081 496 2141 sive
517 2081 686 2140 differentia
708 2074 873 2157 specifica),
904 2089 1048 2155 quatenus

57 2169 265 2228 consideratur
284 2170 316 2228 in
337 2170 407 2246 ipsis
427 2170 536 2230 modus
556 2170 702 2247 specialis,
724 2170 888 2229 secundum
903 2185 993 2244 quem
1014 2168 1049 2225 iis

56 2257 200 2317 convenit
229 2259 385 2331 exsistere,
415 2260 537 2335 quando
567 2259 711 2318 exsistunt
737 2260 768 2317 in
798 2275 897 2317 rerum
926 2269 1049 2331 natura3

56 2366 79 2405 e.
102 2367 131 2423 g.
155 2349 263 2420 hom0,
285 2349 395 2407 animal
416 2349 569 2407 rationale.
613 2348 697 2408 Idem
719 2357 763 2406 est
784 2345 911 2423 proinde
933 2366 969 2406 ac
989 2347 1048 2402 sub-

54 2439 164 2494 stantia
194 2438 338 2495 abstracta
366 2440 413 2497 vel
437 2439 613 2496 unmcrsalzs.
660 2435 839 2495 Huiusmodi
869 2434 1048 2494 substantiae

56 2544 115 2584 non
137 2527 254 2585 habent
274 2527 396 2602 quidem
409 2528 575 2587 subiectum
588 2527 768 2595 inhaesionis,
790 2524 844 2585 sed
865 2536 965 2584 tamen
984 2525 1049 2582 sub·

56 2615 167 2673 iectum
188 2617 387 2674 attrz'butzbnis.
423 2615 558 2674 Dicimus
572 2617 668 2674 enim:
695 2617 849 2673 «Socrates
869 2624 913 2672 est
926 2615 1045 2672 homo.»

57 2706 112 2762 Pro
133 2705 251 2763 maiore
277 2704 366 2780 igitur
385 2705 479 2781 gradu
500 2703 754 2780 independentiae
783 2723 800 2762 a
817 2703 955 2761 subiecto
983 2702 1048 2760 sub·

58 2795 166 2852 stantia
193 2793 346 2852 individua
376 2795 467 2854 habet
494 2793 680 2871 prioritatem
707 2811 749 2873 pr
806 2791 967 2851 substantia
987 2791 1048 2849 uni·

57 2883 180 2942 versali:
202 2892 283 2942 recte
304 2883 432 2959 proinde
453 2883 560 2942 dicitur
581 2883 685 2966 prima.
709 2879 748 2927 έ-
769 2882 875 2958 Agitur
895 2879 945 2938 hic
965 2899 1048 2955 prae·

59 2973 160 3030 sertim
182 2972 221 3031 de
241 2972 404 3030 substantia
424 2974 529 3048 prima.

116 3060 288 3120 Substantia
321 3079 394 3120 vero
432 3061 529 3137 prima
563 3071 608 3119 est
642 3061 689 3119 vel
729 3061 879 3136 completa
918 3060 965 3116 vel
1006 3057 1048 3114 in·

59 3151 218 3226 completa.

117 3239 288 3298 Substantia
315 3240 449 3317 completa
476 3248 537 3309 est,
566 3257 615 3296 ens
635 3239 677 3296 ita
698 3247 755 3314 per
783 3255 812 3295 se
838 3239 987 3305 exsistens,
1016 3242 1050 3291 ut

59 3348 112 3385 non
126 3328 278 3386 ordinetur
297 3329 340 3386 ad
354 3328 541 3386 exsistendum
555 3346 616 3384 cum
637 3328 696 3385 alia
710 3327 874 3384 substantia.
905 3324 979 3382 Tale
994 3341 1047 3380 ens

37 3483 82 3651 t
