2350 3700
133 171 184 220 304
507 170 546 205 nn
565 168 746 207 cxrunouns.

131 318 272 390 reiciant,
301 319 380 375 hanc
408 335 529 392 quoque
557 336 666 376 causae
688 317 845 377 efficientis
873 317 1030 376 notionem
1053 315 1125 375 inter

131 408 273 482 figmenta
293 405 401 465 mentis
421 417 579 482 reponunt.
622 409 707 465 quta
727 406 807 483 ipsos
827 424 891 464 non
919 406 1128 481 cognoscimus

131 495 189 554 nisi
202 495 403 555 conexionem
416 494 637 555 consecutionis
652 506 816 566 externam,
836 497 885 554 vel
898 513 1017 554 meram
1030 512 1128 553 rerum

132 584 367 656 successionem,
399 584 470 660 quia
496 602 600 644 sensus
619 584 695 642 nihil
721 584 779 643 nisi
799 584 880 643 hanc
905 585 1130 643 successionem

133 674 310 750 percipiant.
353 674 460 744 Causa,
482 673 525 732 sic
543 674 634 745 aiunt,
649 685 694 733 est
714 675 876 731 antecedens
890 675 939 733 vel
958 673 1131 749 complexio

133 763 282 838 quaedam
313 762 542 835 condicionum,
573 764 681 837 quibus
711 762 815 838 positis
846 763 982 839 sequitur
1013 780 1132 837 semper

40 904 44 910 .
133 851 214 910 idem
228 869 392 926 consequens
403 853 419 910 ¹.
449 854 523 911 Esse
536 869 611 910 vero
626 852 824 911 conexionem
838 852 921 910 illam
935 850 1132 909 intrinsecam

136 939 379 1017 «metaphysicis»
392 950 422 999 et
434 940 616 1016 «theologis»
636 942 765 1000 «otiose»
778 940 961 1011 docendum,
978 940 1133 999 fastidiose

135 1030 287 1088 remittunt
296 1030 316 1087 ².

194 1119 258 1177 Nos
272 1136 344 1177 vero
358 1120 548 1177 comendimus
560 1120 700 1177 notbnem
716 1137 816 1177 causae
837 1120 996 1195 efficientis,
1019 1120 1133 1193 qualem

133 1209 224 1283 ipsam
244 1208 459 1277 declaravimus,
480 1226 538 1265 csse
557 1209 735 1277 abbaraam,
757 1227 814 1266 nrm
826 1210 1000 1283 figmentum
1021 1209 1131 1275 nuntz's,

135 1299 177 1353 ita
198 1303 232 1354 ut
249 1313 336 1354 verae
355 1298 496 1355 exsistant
514 1314 615 1355 causae
635 1296 796 1371 efficientes.

193 1394 297 1443 ‘rhesis
315 1396 451 1458 probatio.
494 1388 517 1444 Ι.
538 1386 669 1444 Directa.
692 1416 728 1426 -
750 1381 778 1461 a)
798 1386 991 1461 Experimtia
1005 1388 1131 1442 interna
1165 1422 1166 1451 ,

43 1465 47 1471 ’
135 1473 328 1533 Conscienu'a
341 1474 422 1533 enim
436 1485 520 1545 teste,
542 1474 573 1532 in
588 1474 676 1533 nobis
692 1474 764 1551 ipsis
778 1484 868 1549 atque
890 1475 981 1533 etiam
994 1474 1028 1532 in
1043 1475 1133 1533 rebus
1165 1454 1166 1547 l

135 1573 218 1621 extra
237 1582 295 1622 nos
315 1563 522 1623 exsistentibus
535 1564 633 1623 varias
647 1574 677 1621 et
690 1564 869 1639 multiplices
889 1563 1133 1621 modificationes

136 1650 177 1709 ita
197 1652 396 1727 producimus,
417 1664 449 1711 ut
468 1653 557 1712 nobis
570 1671 744 1729 persuasum
758 1653 923 1711 habeamus
943 1654 1019 1711 tales
1037 1652 1135 1710 modi-

135 1741 289 1800 ficationes
309 1760 372 1800 non
400 1744 495 1801 solum
517 1741 605 1801 nobis
626 1741 802 1812 succedere,
831 1742 883 1799 sed
906 1744 991 1799 etiam
1013 1761 1034 1799 a
1054 1742 1134 1799 nobis

136 1830 292 1906 efficienter
306 1832 434 1908 produci.
472 1831 521 1890 Sic
542 1850 569 1891 e.
584 1850 612 1908 g.
634 1849 698 1891 non
719 1833 815 1890 solum
830 1831 1001 1907 experimur
1022 1832 1133 1907 cogita·

135 1920 241 1992 tiones
257 1920 423 1991 volitiones,
446 1920 503 1979 alia
516 1922 686 1980 huiusmodi
700 1931 730 1979 in
749 1922 828 1979 nobz's
838 1923 915 1997 fieri
931 1931 961 1979 et
974 1920 1067 1980 nobis
1089 1939 1134 1979 ex·
1165 1937 1166 1964 t

137 2009 304 2068 sistentibus
325 2009 356 2068 in
377 2029 430 2068 sua
451 2009 621 2069 exsistentia
641 2011 819 2082 succedere,
842 2011 896 2069 sed
917 2009 1021 2068 intime
1044 2011 1133 2068 etiam

137 2097 244 2156 scimus
272 2098 469 2174 cogitationes
496 2109 525 2158 et
545 2099 704 2158 volitiones
726 2099 791 2157 illas
812 2119 830 2157 a
851 2100 930 2157 nobis
944 2099 1086 2174 produci,
1117 2117 1133 2156 a

138 2186 224 2245 nobis
245 2204 329 2246 suam
350 2187 549 2247 exsistentiam
561 2189 685 2247 habere.
722 2189 809 2262 Quae
831 2187 955 2263 quidem
975 2189 1133 2264 perceptio

139 2275 340 2335 conscientiae
367 2287 427 2335 tam
448 2278 572 2336 evidens
593 2287 653 2349 est,
681 2288 714 2336 ut
734 2296 857 2336 omnem
878 2278 1049 2336 illusionem
1070 2278 1134 2336 sub

139 2366 276 2424 iectivam
298 2367 443 2424 excludat.
485 2366 550 2424 Nisi
577 2368 658 2425 enim
686 2377 748 2424 tam
776 2366 909 2426 evidenti
930 2365 1133 2425 conscientiae

139 2454 308 2513 testimonio
329 2455 494 2514 realitatem
513 2455 693 2514 obiectivam
714 2455 886 2528 tribuamus,
908 2455 1081 2514 necessario
1103 2455 1133 2511 in

140 2543 359 2619 scepticismum
380 2544 538 2603 incidimus
547 2545 566 2603 ⁸.

202 2703 211 2734 ¹
232 2707 285 2753 «La
304 2721 378 2753 cause
398 2713 435 2753 est
454 2705 479 2753 la
497 2705 562 2754 serie
581 2705 626 2752 des
646 2705 806 2764 conditions,
832 2703 984 2754 l’ensemble
1003 2705 1050 2752 des
1068 2703 1135 2752 ante-

141 2786 253 2845 cedents,
274 2801 331 2833 sans
350 2784 459 2849 lesquels
478 2783 556 2833 l'effet
574 2800 607 2833 ne
626 2785 702 2833 serait
720 2801 767 2849 pas
786 2784 868 2834 arrive
895 2793 921 2832 et
947 2784 991 2849 qui
1016 2793 1076 2832 sont
1102 2786 1135 2832 in-

143 2864 325 2913 variablement
344 2865 418 2914 suivis
438 2865 471 2912 du
490 2863 571 2914 meme
591 2865 761 2930 consequent»
784 2861 893 2928 (Taine,
919 2865 958 2913 Le
980 2863 1135 2928 positivisme

142 2945 239 3009 anglais
257 2962 283 3010 p.
304 2942 357 3008 63).
376 2971 412 2979 -
433 2945 486 2993 «La
504 2961 579 2994 cause
599 2954 637 2994 est
655 2945 680 2993 la
698 2961 793 2994 somme
819 2945 864 2994 des
889 2944 1036 2994 conditions
1062 2945 1134 3009 nega-

142 3025 206 3074 tives
225 3034 251 3074 et
268 3025 391 3089 positives
408 3025 490 3090 prises
508 3025 658 3085 ensemble,
677 3025 701 3074 la
720 3025 818 3075 totalite
838 3025 884 3074 des
903 3026 1093 3076 circonstances
1112 3034 1134 3074 et

143 3105 325 3166 contingences
344 3104 377 3151 de
396 3111 465 3152 toute
484 3105 591 3167 espece3
618 3104 768 3169 lesquelles,
788 3121 839 3154 une
858 3105 906 3154 lois
925 3105 1056 3165 donnees,
1081 3115 1133 3154 sont

144 3181 354 3228 invariablement
372 3182 463 3230 suivies
482 3183 516 3230 du
536 3183 707 3248 consequent»
731 3182 837 3247 (Stuart
854 3185 922 3244 Mill,
943 3185 1042 3248 Logica
1061 3186 1077 3234 l.
1090 3185 1132 3243 ΙΙΙ,

144 3271 166 3303 c.
186 3257 217 3315 V,
237 3254 255 3318 ξ
274 3270 289 3303 2
309 3265 334 3305 et
352 3255 389 3320 3).

205 3330 274 3381 *ct
294 3333 390 3395 Logica
410 3353 434 3399 p.
459 3349 515 3397 117.
591 3338 684 3388 ³lbid.
705 3359 730 3404 p.
754 3355 811 3404 132.
