2350 3700
845 6 937 28 ,εἰέκ

135 123 188 158 220
439 123 478 158 DE
497 122 560 159 lesu
579 122 706 160 RATIONE
725 123 815 160 ENTIS.

195 271 289 328 Actus
309 272 443 328 essentiae
464 279 508 327 est
527 271 630 327 entitas
650 270 840 328 determinans
860 278 889 327 et
900 272 1100 347 persiciensrem

133 362 165 416 in
185 379 239 417 sua
259 361 351 434 specie.
394 359 575 418 Huiusmodi
596 369 641 417 est
661 360 776 431 entitas,
799 378 859 434 qua
879 379 958 435 aqua
977 370 1018 418 θεῖ
1036 379 1102 435 aqua

134 466 160 506 e.
190 466 218 522 g.
248 457 278 506 et
305 466 367 505 non
397 447 516 506 sermm.
558 449 652 505 Actus
682 447 730 506 ille
760 466 986 524 nonnumquam
1013 447 1103 508 dicitur

40 573 55 613 ;·
134 537 223 596 etiam
246 547 327 595 actus
348 536 481 594 formalis
501 537 548 594 vel
569 537 666 596 forma
686 538 738 595 rei.

194 645 287 701 Actus
308 645 486 701 exsistentiae
506 652 550 702 est
577 645 680 701 entitas
707 645 896 702 determinans
925 651 954 701 et
974 645 1107 720 perficiens

133 751 192 790 rem
213 733 244 790 iu
264 752 317 789 sua
338 733 515 802 exsistentia,
546 750 607 807 qua
627 731 740 791 scilicet
760 733 807 803 fit,
829 743 861 791 ut
881 751 929 791 res
949 733 980 790 in
999 731 1108 809 propria

134 841 186 880 sua
200 821 301 897 specie
316 822 435 880 realiter
448 821 567 880 exsistat
581 840 680 896 neque
695 840 777 880 mere
791 822 827 880 sit
841 822 995 897 possibilis.
1022 822 1109 894 Quae-

134 921 202 969 runt
223 910 402 987 philosophi,
424 921 521 968 utrum
542 909 573 967 iu
594 929 654 969 uua
669 922 698 968 et
713 910 819 970 eadem
834 929 866 969 re
882 921 963 969 aetus
977 910 1108 970 essentiae

134 1009 164 1058 et
184 1010 266 1058 actus
287 999 475 1058 exsistentiae
496 1000 554 1058 sint
570 1019 618 1058 res
632 999 777 1072 diversae,
800 1020 837 1058 an
852 1011 965 1058 tantum
978 1000 1035 1059 duo
1049 1018 1109 1057 con-

134 1099 237 1164 ceptus
259 1087 367 1147 diversi
388 1089 473 1146 unius
495 1099 525 1147 et
545 1087 679 1148 eiusdem
699 1090 751 1148 rei.
782 1119 784 1123 ·

195 1197 288 1254 Actus
315 1196 503 1271 proprietatis
536 1198 583 1254 vel
619 1197 765 1254 accedentes
794 1205 838 1255 est
872 1199 974 1253 entitas
1001 1215 1055 1253 rem
1082 1198 1109 1252 in

134 1303 187 1341 sua
216 1285 301 1359 speeie
329 1286 387 1341 iam
417 1287 594 1342 constitutam
624 1287 666 1342 ita
695 1286 885 1342 determinans
914 1292 942 1341 et
965 1287 1109 1361 perficiens,

135 1380 168 1430 ut
187 1374 242 1429 tali
264 1374 311 1430 oel
334 1374 391 1430 tali
413 1375 552 1448 qualitate
578 1374 737 1450 afficiatur.
781 1374 830 1432 Sic
851 1392 876 1432 e.
899 1393 927 1449 g.
950 1375 1049 1432 Paulus
1073 1391 1110 1430 se·

135 1461 292 1519 minarium
326 1462 497 1536 ingrediens
532 1463 635 1521 habuit
669 1473 767 1521 aetum
802 1462 948 1522 essentiae
983 1473 1011 1522 et
1048 1463 1111 1521 exsi-

135 1550 275 1624 stentiae,
307 1552 360 1609 sed
388 1551 510 1610 relative
539 1553 578 1610 ad
606 1553 739 1610 habitum
767 1551 975 1628 philosophiae
1002 1562 1060 1610 erat
1086 1553 1113 1608 in

135 1641 269 1716 potentia
291 1650 420 1711 tantum,
448 1650 517 1715 post
536 1643 655 1717 elapsos
676 1659 748 1699 vero
774 1641 899 1699 feliciter
926 1641 1001 1700 duos
1028 1659 1115 1698 annos

135 1748 198 1787 non
233 1729 368 1804 potentia
397 1729 473 1802 iam,
509 1731 563 1789 sed
598 1741 665 1789 actu
700 1740 745 1788 est
778 1730 983 1806 philosophus.
1024 1730 1117 1802 Quali·

135 1828 226 1878 tatem
248 1817 329 1878 enim
350 1818 519 1895 acquisivit,
549 1819 587 1879 ad
614 1838 704 1895 quam
725 1830 813 1879 antea
833 1838 895 1879 non
917 1820 1047 1879 habebat
1066 1819 1118 1877 nisi

136 1909 347 1985 capacitatem:
376 1927 461 1967 mens
482 1909 544 1968 eius
565 1910 625 1968 iam
647 1910 788 1968 instructa
809 1920 854 1968 est
881 1908 1004 1969 scientia
1031 1909 1120 1985 philo
1142 1956 1143 1985 ἒ

136 1998 267 2073 sophica,
1142 1994 1143 2056 l

197 2106 289 2164 Actus
317 2105 382 2176 ille,
411 2106 435 2163 si
462 2106 501 2163 ab
529 2105 657 2164 essentia
683 2104 852 2164 necessario
879 2106 997 2178 defluit,
1025 2106 1142 2175 stricte}

137 2193 244 2252 dicitur
264 2203 346 2252 actus
367 2195 571 2270 proprietatis3
599 2193 624 2252 si
652 2195 717 2253 talis
743 2205 801 2265 est,
830 2204 862 2252 ut
882 2195 987 2254 abesse
1008 2196 1057 2253 vel
1077 2194 1122 2253 ad·

137 2302 202 2341 esse
223 2283 324 2359 possit,
346 2292 428 2342 actus
449 2284 556 2342 dicitur
576 2283 748 2343 accidentis,

199 2411 224 2448 2.
248 2390 378 2449 Ratione
398 2390 516 2459 ordinz's,
539 2408 628 2465 quem
650 2390 762 2449 habent
782 2389 860 2449 inter
880 2408 912 2449 se
933 2399 1032 2461 aetus,
1057 2390 1122 2448 divi·

137 2481 247 2538 duntur
267 2479 298 2537 in
319 2489 417 2537 actum
440 2479 567 2555 primum
588 2490 619 2538 et
640 2489 738 2538 actum
759 2478 931 2539 secundum.
1139 2528 1140 2531 ,

198 2580 290 2636 Actus
305 2580 419 2653 primus
439 2577 488 2636 ille
509 2589 562 2648 est,
583 2580 635 2653 qui
652 2580 741 2635 almm
761 2586 852 2635 adum
873 2598 930 2635 non
949 2580 1085 2654 supportet
1097 2580 1124 2634 in

137 2670 231 2742 aliquo
245 2669 352 2735 ordine,
372 2667 426 2726 sed
440 2666 531 2724 alium
545 2677 704 2743 exspectat.
735 2666 784 2725 Sic
798 2685 824 2726 e.
839 2686 867 2742 g.
883 2677 965 2725 actus
979 2667 1124 2725 essentiae

137 2758 185 2815 vel
207 2757 304 2814 forma
324 2766 368 2814 est
389 2767 471 2814 actus
492 2757 612 2831 primus.

198 2856 290 2912 Actus
311 2854 444 2911 semndus
464 2864 509 2912 est
531 2855 596 2924 ille,
623 2856 674 2929 qui
692 2856 820 2930 priorem
848 2856 878 2911 in
906 2855 1001 2928 aliquo
1028 2855 1126 2911 ordim

137 2945 268 3019 supponit
287 2942 375 3017 eique
396 2942 537 3001 succedit.
567 2943 617 3001 Sic
638 2943 716 3002 actio
738 2943 931 3017 intellegendi
950 2942 981 3000 in
1002 2943 1125 3003 homine

1137 2736 1139 2745 s

36 3094 39 3097 ,
137 3042 182 3090 θεῖ
202 3042 283 3090 actus
304 3028 460 3105 secundus,
483 3033 624 3108 supponit
645 3032 725 3091 enim
740 3032 870 3107 aliquem
884 3040 981 3090 actum
995 3031 1127 3107 primum

39 3145 41 3148 ·
137 3119 168 3174 in
189 3137 242 3175 suo
264 3119 385 3190 ordine,
413 3122 463 3195 qui
485 3130 529 3178 est
549 3121 673 3179 facultas
693 3120 895 3196 intellegendi.
938 3121 1030 3179 Unde
1052 3138 1125 3197 puer

138 3205 228 3261 etiam
247 3206 332 3262 unius
353 3206 413 3265 diei
433 3208 541 3266 dicitur
567 3209 743 3285 intellegens
770 3209 802 3267 in
829 3220 897 3268 actu
922 3208 1036 3285 primo,
1067 3228 1126 3268 nou

35 3304 43 3312 ’·
140 3300 237 3346 autem
264 3291 296 3346 in
324 3303 391 3349 actu
418 3295 567 3368 secund03
598 3297 792 3373 philosophus
819 3316 907 3370 vero,
939 3298 1011 3357 dum
1041 3300 1128 3358 ratio·
