2350 3700
150 134 198 181 162
527 145 756 184 emranroaocm.

145 293 276 352 evidenti
306 294 481 352 auctoritate
511 293 704 368 gaudentium
734 304 795 352 tam
823 295 903 353 clare
934 303 1091 370 apparet,
1119 303 1147 350 ut

144 383 183 441 de
211 382 275 458 ipsa
296 383 374 441 serio
394 382 523 441 dubitari
542 401 606 441 non
626 383 728 458 possit.
770 383 845 441 Aliis
869 383 1002 442 veroin
1028 381 1146 440 casibus

144 471 337 531 diiudicanda
366 472 422 531 erit
449 471 573 530 criteriis
601 482 663 531 tum
691 471 829 544 interniS,
858 484 919 531 tum
947 471 1145 548 potissimum

145 561 283 620 extemis.

203 645 232 725 a)
263 651 390 708 Criteria
416 652 546 719 interna,
576 651 699 725 quando
728 649 823 725 agitur
848 651 886 709 de
913 649 1143 725 manuscriptis,

142 739 331 798 inveniuntur
351 741 399 798 vel
419 741 450 796 in
471 739 537 814 ipsa
550 739 675 799 materia
696 739 774 810 libri,
795 740 843 797 vel
862 739 894 796 in
914 739 1010 797 modo
1026 739 1144 798 litteras

143 829 321 887 efformandi
350 829 414 899 vel,
444 828 474 886 id
496 827 577 902 quod
606 828 645 886 de
672 828 749 887 libro
776 827 860 886 omni
880 829 973 899 valet,
1006 828 1039 886 in
1064 829 1141 899 stilo,

141 916 244 976 indole
264 917 341 990 libri,
363 917 428 976 aliis
448 917 618 975 huiusmodi
631 918 647 976 ¹.

201 1008 376 1066 Notandum
389 1016 490 1064 tamen
507 1007 639 1064 «criteria
653 1008 776 1076 interna,
791 1027 819 1065 v.
830 1026 859 1082 g.
874 1005 980 1077 stilum,
998 1007 1138 1065 indolem

141 1096 223 1167 libri,
259 1095 434 1172 praesertim
468 1097 492 1153 si
527 1095 695 1170 comparari
724 1095 818 1171 possit
848 1114 916 1154 cum
951 1095 1016 1154 aliis
1051 1107 1137 1154 certe

141 1185 317 1244 authenticis
338 1184 420 1243 libris
441 1184 575 1243 eiusdem
597 1184 734 1257 auctoris,
756 1202 805 1242 res
825 1184 905 1260 ipsas
925 1194 1063 1242 narratas
1088 1185 1137 1242 vel

141 1274 264 1333 omissas
285 1284 315 1333 et
333 1273 511 1344 huiusmodi,
533 1275 635 1331 iuvare
647 1274 757 1348 quidem
777 1275 896 1331 multum
914 1283 1006 1348 posse,
1031 1299 1084 1346 per
1102 1299 1135 1332 se

139 1372 241 1422 tamen
261 1364 326 1421 sola
346 1363 501 1420 absolutam
522 1363 713 1420 certitudinem
733 1381 796 1420 non
817 1380 923 1438 parere
945 1373 975 1420 et
996 1381 1061 1421 esse
1082 1383 1135 1438 po·
1163 1413 1164 1416 ,

139 1451 283 1511 tissimum
291 1451 438 1527 negativa,
449 1451 540 1527 idque
551 1450 664 1528 duplici
677 1452 803 1522 ratione,
818 1452 931 1510 scilicet
941 1451 1133 1510 ostendendo
1163 1441 1164 1445 ¹

139 1559 176 1598 ex
205 1541 271 1616 ipso
301 1541 377 1599 libro
408 1551 458 1599 aut
485 1541 558 1598 nihil
587 1552 638 1599 aut
667 1541 780 1616 aliquid
810 1552 916 1600 contra
947 1541 1133 1598 authentiam

139 1630 218 1689 obici
246 1649 343 1706 posse.
386 1631 517 1689 Maxime
545 1630 630 1688 abusi
659 1641 726 1689 sunt
755 1630 858 1689 critica
889 1630 1008 1688 interna
1035 1632 1131 1688 nostri
1163 1619 1164 1625 ¹

138 1719 248 1779 saeculi
269 1720 404 1778 infideles
425 1730 532 1778 contra
551 1719 645 1777 libros
665 1738 766 1778 sacros
788 1714 964 1795 (asserentes
985 1721 1132 1778 miracula
1163 1771 1164 1776 ,

137 1827 202 1869 esse
224 1808 426 1886 impossibilia,
448 1827 513 1868 esse
534 1810 662 1885 mythos,
685 1803 763 1886 etc).
1163 1801 1164 1804 '

198 1971 207 2002 ¹
230 1972 324 2037 «L'tge
337 1972 397 2021 d'un
410 1974 548 2023 manuscrit
561 1991 588 2023 se
601 1974 732 2023 reconnait
745 1970 760 2023 *a
773 1974 797 2022 la
810 1983 898 2023 nature
912 1975 944 2023 de
955 1975 980 2023 la
990 1976 1130 2024 substance
1159 1983 1161 2040 J

137 2054 180 2118 qui
199 2070 230 2101 en
249 2055 328 2103 forme
347 2054 383 2103 les
403 2054 519 2114 feuillets,
539 2071 659 2119 papyrus,
679 2055 834 2119 parchemin,
855 2056 944 2119 papier
957 2056 990 2103 de
1003 2062 1081 2105 coton
1094 2072 1126 2103 ou

137 2135 169 2181 de
188 2134 270 2193 chilla,
291 2130 306 2181 *a
324 2133 348 2182 la
366 2136 447 2184 rarete
466 2151 500 2184 ou
518 2134 543 2183 la
561 2134 722 2199 multiplicite
742 2136 787 2183 des
807 2135 987 2195 abreviatione,
1008 2132 1024 2183 ‘a
1043 2135 1068 2183 la
1079 2152 1126 2183 ma·

135 2214 205 2261 nidre
224 2214 255 2262 de
275 2213 312 2263 les
331 2214 455 2278 indiquer,
475 2232 506 2263 au
525 2216 653 2264 caractere
673 2215 705 2263 de
724 2214 858 2275 l'eeriture,
880 2215 925 2263 des
945 2224 1089 2263 ornements
1102 2224 1125 2263 et

136 2302 219 2341 autres
245 2293 335 2342 details
361 2294 403 2358 qui
429 2304 474 2343 ont
497 2294 565 2343 varie
594 2295 692 2343 suivant
720 2295 757 2343 les
787 2295 900 2343 diverses
930 2296 1054 2359 eipoques.
1089 2296 1124 2343 La
1163 2337 1164 2342 ,

135 2374 236 2423 science
260 2373 478 2439 pale'ographique
504 2391 517 2421 a
544 2391 573 2423 su
599 2374 705 2435 etablir‚
740 2391 787 2439 par
811 2375 836 2423 la
863 2375 1042 2439 comparaison
1067 2374 1123 2423 d’un
1163 2400 1164 2403 =

134 2454 216 2518 grand
234 2453 339 2502 nombre
358 2454 390 2502 de
409 2454 556 2502 manuscrits
574 2463 652 2517 ayant
670 2470 719 2503 une
739 2455 800 2503 date
820 2454 946 2514 certaine,
973 2455 1020 2503 des
1046 2454 1123 2519 regies
1155 2470 1158 2490 ⁴

134 2534 177 2598 qui
196 2542 347 2598 permettent
365 2530 380 2581 ὲ
398 2550 433 2581 un
452 2534 495 2583 oeil
514 2536 604 2583 exerce
628 2534 660 2582 de
685 2536 799 2598 preciser
825 2550 894 2583 assez
918 2543 1080 2583 exactement
1103 2536 1123 2582 le
1157 2524 1164 2579 J

134 2615 210 2664 siecle
229 2631 262 2663 ou
280 2614 305 2663 la
323 2614 430 2663 fraction
449 2614 481 2662 de
500 2614 577 2663 siecle
597 2610 612 2662 ὲ
630 2614 739 2679 laquelle
758 2616 904 2679 appartient
929 2630 964 2662 un
991 2616 1123 2664 manuscrit

133 2696 226 2744 donne.
241 2733 247 2745 .
262 2732 289 2744 ..
326 2693 453 2758 Lorsqu’il
472 2693 547 2759 s'agit
566 2694 662 2743 d'aetes
681 2694 789 2744 officials
809 2702 834 2743 et
852 2694 962 2759 publics‚
984 2710 1019 2743 on
1039 2694 1123 2743 s'assu-

133 2792 189 2825 rera
207 2790 256 2839 que
275 2790 326 2824 non
344 2775 483 2823 seulement
501 2774 538 2823 les
557 2776 698 2825 caracteres
718 2774 958 2840 paleographiques,
979 2774 1043 2822 mais
1061 2776 1121 2823 aussi

132 2855 169 2904 les
187 2855 307 2904 formulas
331 2855 454 2919 adoptees
477 2872 543 2920 pour
567 2856 592 2905 le
618 2864 835 2904 commencement
860 2863 886 2904 et
912 2854 937 2903 la
966 2854 1120 2906 conclusion,
1155 2887 1159 2917 7

132 2936 169 2984 les
188 2936 259 2984 titres
278 2935 375 2985 donnes
394 2952 442 2984 aux
460 2951 634 3001 personnages
654 2936 697 2999 qui
717 2952 733 2999 y
752 2944 809 2984 sont
828 2934 1003 2997 mentionnes,
1035 2936 1061 2983 la
1079 2953 1120 2983 ma
1153 2918 1164 2972 1

132 3017 200 3065 niere
219 3017 252 3063 de
270 3032 386 3080 marquer
404 3017 441 3063 les
461 3015 532 3065 dates
550 3026 576 3065 et
595 3025 678 3066 autres
698 3016 850 3065 indications
869 3016 901 3063 de
920 3030 950 3065 ce
970 3033 1052 3081 genre
1070 3025 1121 3065 sont
1153 2979 1164 3072 1

131 3097 272 3144 conformes
290 3113 338 3144 aux
356 3112 448 3161 usages
466 3097 498 3144 de
516 3095 635 3161 l’epoque
654 3092 670 3145 a
689 3095 797 3160 laquelle
816 3097 841 3145 le
859 3095 998 3145 document
1018 3114 1051 3146 en
1065 3112 1117 3162 que·
1155 3075 1161 3126 1

131 3177 198 3225 stion
217 3184 256 3224 est
273 3177 388 3225 attribue.
426 3178 493 3225 Pour
510 3192 560 3240 peu
578 3193 628 3240 que
647 3192 689 3225 ces
708 3175 800 3225 details
819 3177 901 3225 soient
920 3176 1076 3241 multiplies,
1104 3176 1164 3233 111

130 3266 169 3305 est
186 3257 245 3303 bien
265 3256 367 3304 difficile
386 3273 435 3319 que
453 3256 478 3303 la
496 3258 563 3303 main
581 3255 643 3304 d'un
662 3257 782 3304 saussaire
801 3273 833 3305 ne
853 3256 890 3318 s'y
917 3258 1029 3306 trabisse
1058 3274 1116 3323 pas»
1163 3302 1164 3305 ,

131 3332 184 3395 (De
202 3334 286 3381 Smedt
302 3334 318 3381 1.
338 3350 359 3382 c.
379 3350 404 3397 p.
425 3334 466 3382 86.
487 3333 540 3396 90).
