2350 3700
155 136 206 186 230
457 133 495 169 DE
515 133 577 169 lesit
597 133 727 170 RATIONE
746 131 838 169 ENTIS.

213 283 341 343 Sumitur
361 301 434 341 vero
454 301 514 340 vox
534 280 677 339 movendi
704 281 845 338 insensu
872 290 971 339 motus
1003 282 1086 351 latu,
1118 280 1150 336 it

152 383 183 431 ut
209 371 389 450 principium
416 371 488 429 illud
509 372 607 429 valeat
627 370 667 428 de
691 387 859 445 quocumque
886 369 1016 428 transitu
1039 369 1148 444 depo

154 463 245 520 tentia
266 462 305 519 ad
326 471 433 519 actum.

211 551 321 608 Veritas
342 561 442 608 autem
462 549 547 606 huius
568 548 708 623 principii
729 558 826 623 patet:

215 661 238 698 1.
261 641 324 696 Iam
338 639 502 706 iactantiae,
520 637 704 712 experientia
717 638 765 695 vel
779 637 962 696 inductione.
998 638 1146 696 Observa

152 729 233 786 tione
247 729 328 786 euim
342 728 500 785 universali
514 737 700 802 compertum
714 727 857 784 habemus
874 727 947 785 illud
961 727 1125 802 principiu

152 819 183 874 in
204 817 293 875 rebus
313 817 399 874 motis
420 826 591 874 constanter
611 816 766 874 verificari.
808 816 943 874 Etenim:

212 907 301 963 Entia
314 925 370 963 non
384 907 517 973 vehentia,
533 905 779 979 quotiescumque
789 914 955 976 moventur,
972 904 1072 962 etiam
1085 925 1123 962 cu

152 995 305 1070 propriam
327 1003 469 1053 exercent
490 993 687 1064 activitatem,
716 995 850 1052 videmus
871 994 909 1052 ab
931 995 991 1052 alio
1022 995 1151 1052 moveri.

213 1085 302 1141 Entia
316 1094 415 1142 autem
429 1085 554 1141 viventia
567 1093 690 1141 movent
706 1083 827 1157 quidem
841 1102 872 1142 se
888 1084 960 1158 ipsa,
976 1084 1020 1141 ita
1035 1095 1150 1152 tamen,

152 1185 183 1231 ut
204 1193 263 1231 uua
283 1191 352 1248 pars
372 1183 492 1230 moveat
512 1173 609 1243 aliam,
633 1183 662 1230 et
683 1172 779 1247 prima
799 1191 868 1246 pars
889 1189 1016 1230 movens
1037 1173 1073 1230 in
1096 1191 1148 1230 suo

153 1272 235 1320 motu
255 1262 386 1336 pendeat
406 1263 507 1336 aliquo
527 1262 620 1319 modo
642 1281 660 1318 a
680 1261 828 1336 principio
850 1261 1020 1319 extrinseco
1032 1263 1049 1320 ¹.

215 1371 240 1407 2.
262 1353 307 1408 Ex
321 1351 386 1425 ipsa
399 1351 523 1421 ratione,
532 1350 662 1426 perfecte
675 1350 760 1407 huius
774 1349 913 1424 principii
927 1351 1037 1408 veritas
1047 1361 1147 1410 osten·

153 1439 239 1497 ditur.
275 1441 328 1497 Est
342 1440 423 1497 enim
444 1439 516 1497 illud
537 1439 718 1514 principium
738 1440 918 1512 analyticum,
941 1440 1000 1496 tale
1022 1440 1146 1510 scilicet,

152 1538 184 1585 ut
204 1546 240 1585 ex
261 1526 326 1602 ipsa
346 1528 459 1601 analysi
481 1527 606 1586 subiecti
630 1539 659 1586 et
686 1526 851 1603 praedicati
878 1526 1048 1586 inveniatur
1070 1529 1148 1586 ratio

153 1616 216 1675 eius
237 1617 420 1675 necessitatis
441 1628 471 1675 et
490 1616 725 1676 universalitatis.

214 1707 333 1764 Etenim
346 1705 493 1780 quidquid
507 1715 651 1776 movetur,
668 1724 705 1764 eo
721 1705 786 1781 ipso
797 1706 879 1780 quod
893 1716 1039 1777 movetur,
1055 1717 1105 1764 est
1120 1707 1151 1764 in

153 1795 286 1872 potentia
300 1795 338 1853 ad
353 1805 451 1854 actum
465 1793 692 1871 acquirendum.
715 1796 826 1853 Actum
839 1795 921 1853 illum
935 1795 1067 1872 proinde
1084 1815 1131 1853 no

153 1887 252 1956 habet,
268 1884 401 1960 alioquin
415 1903 477 1943 non
492 1896 569 1943 esset
582 1886 613 1941 in
628 1886 770 1960 potentia,
785 1885 839 1943 sed
849 1884 879 1943 in
889 1896 966 1943 actu.
987 1885 1050 1943 Sed
1061 1886 1151 1960 quid·

71 2043 75 2047 ,
154 1974 226 2049 quid
241 1985 307 2033 actu
320 1975 451 2049 quodam
462 1973 633 2044 destituitur,
650 1984 749 2031 actum
763 1974 844 2031 illum
859 1974 915 2032 sibi
927 1973 998 2031 dare
1014 1992 1082 2032 non
1099 1994 1151 2050 po

153 2074 217 2134 test,
236 2082 331 2121 «eterno
345 2065 418 2120 enim
432 2064 491 2131 dat,
506 2064 583 2137 quud
594 2083 650 2120 nun
664 2063 776 2133 habet»,·
791 2064 855 2120 aliis
869 2062 980 2121 verbis:
999 2081 1068 2121 esse
1086 2084 1149 2121 nou

153 2162 251 2227 potest
265 2152 335 2211 oriri
350 2172 386 2210 ex
400 2169 462 2209 non
477 2170 558 2224 esse3
572 2152 631 2210 hoc
647 2152 727 2210 enim
741 2162 821 2210 vetat
835 2151 1015 2227 principium
1031 2163 1151 2211 contra·

154 2242 299 2299 dictionis.
332 2242 402 2299 Non
418 2251 515 2315 potest
533 2257 606 2315 ergo
620 2250 719 2298 actum
733 2242 815 2298 illum
836 2241 891 2299 sibi
907 2241 979 2299 dare
1000 2240 1069 2315 ipsa
1092 2261 1146 2312 res,

154 2348 230 2405 quae
251 2341 394 2388 movetur.
437 2330 544 2403 Neque
568 2339 666 2403 potest
694 2340 775 2387 actus
803 2329 851 2388 ille
880 2330 950 2387 oriri
977 2348 1015 2387 ex
1043 2332 1144 2401 nihilo,

154 2428 276 2494 propter
290 2418 418 2478 eandem
432 2420 579 2476 rationem
598 2428 627 2476 et
646 2429 769 2493 propter
783 2419 990 2477 necessitatem
1004 2418 1145 2493 principii

154 2508 275 2566 rationis
295 2507 466 2566 sufficientis
476 2508 495 2566 ².
532 2509 613 2581 Ergo
635 2516 733 2564 actum
754 2525 838 2565 suum
852 2506 980 2581 acquirit
1000 2525 1051 2565 res
1065 2519 1145 2565 mota

154 2599 193 2655 ab
214 2598 272 2655 alio
294 2607 371 2668 ente,
394 2597 477 2671 quod
497 2596 594 2671 ipsum
613 2596 714 2671 aliquo
728 2597 820 2653 modo
834 2597 893 2653 iam
908 2596 1062 2668 continet3
1085 2596 1146 2653 aliis

154 2687 266 2745 verbis:
290 2696 425 2744 movetur
446 2686 484 2744 ab
506 2696 584 2754 ente,
608 2685 689 2760 quod
710 2685 769 2743 iam
790 2684 884 2743 estin
906 2695 975 2742 actu
987 2685 1005 2741 ³.

215 2776 304 2834 Cuius
334 2776 474 2851 principii
503 2775 634 2832 maxima
663 2784 708 2833 est
735 2775 843 2831 utilitas
872 2774 903 2831 in
935 2774 1142 2849 philosophia:

154 2866 249 2940 ipsum
271 2866 352 2923 enim
373 2874 418 2922 est
437 2862 618 2939 principium
640 2863 723 2937 quasi
745 2861 968 2921 fundamentale
990 2864 1084 2920 totius
1101 2862 1142 2919 de·

154 2953 374 3012 monstrationis
396 2950 583 3011 exsistentiae
605 2952 671 3009 Dei.
1031 2972 1035 2976 ·

216 3157 225 3187 ¹
243 3161 284 3206 De
303 3169 372 3208 motu
391 3162 468 3223 ipsius
487 3162 580 3209 liberae
599 3161 734 3209 voluntatis
754 3163 780 3210 in
793 3162 851 3211 Deo
870 3176 953 3211 sermo
973 3162 1022 3211 erit
1041 3164 1068 3211 in
1081 3164 1141 3212 theo

154 3236 248 3282 dicaea.
356 3236 367 3267 ²
386 3240 425 3286 ct.
445 3256 520 3302 supra
538 3256 564 3302 p.
585 3251 645 3301 217.

215 3311 226 3341 ³
245 3313 283 3361 Cf.
303 3315 414 3374 Mercier,
434 3318 543 3366 Notions
562 3318 728 3384 d¹Ontologie
747 3337 773 3384 p.
797 3331 853 3383 170.
