2350 3700
381 133 420 168 DE
439 132 682 170 INTELLEGBNTIA.
980 128 1030 182 145

44 278 186 337 dixerunt.
230 282 301 339 Hoc
323 279 403 339 enim
424 280 568 356 imprimis
589 280 794 352 intendebant,
817 291 849 339 ut
862 280 1030 340 realismum

42 379 252 443 exaggeratum
267 370 445 441 refellerent,
468 369 518 445 qui
533 369 718 440 universalia,
739 370 902 430 formaliter
922 380 954 428 ut
970 369 1032 428 uni·

42 458 173 530 versalia,
197 469 281 517 extra
300 470 432 518 mentem
454 458 594 517 exsistere
615 459 724 518 docuit.
768 460 880 519 Contra
901 461 1031 518 fautores

43 564 110 605 vero
131 546 221 605 huius
241 548 406 607 sententiae
421 548 648 607 contendebant
661 548 839 607 universalia
852 567 917 608 esse
931 566 1030 608 voces.

43 636 122 709 Quid
153 648 254 696 autem
283 639 340 695 hac
368 638 432 713 ipsa
460 656 534 697 voce
563 637 620 713 ipsi
649 637 815 713 significare
839 638 1030 709 intenderint,

43 743 102 783 non
123 726 195 785 satis
217 727 296 785 clare
318 738 444 803 apparet
456 729 472 784 ¹.

99 816 161 873 Sed
183 816 331 891 quidquid
352 826 397 875 est
410 817 448 875 de
470 817 562 875 modo
584 834 647 874 rem
667 815 845 891 explicandi,
867 817 950 876 ideas
971 816 1032 876 uni·

43 906 170 963 versales
192 924 254 963 non
277 923 341 964 esse
361 923 452 963 voces
468 915 592 976 tantum,
613 922 651 962 ex
671 905 757 964 dictis
778 916 883 964 contra
904 905 1032 982 positivi·

44 1004 97 1051 stas
119 988 160 1069 (p.
188 989 256 1070 119)
279 996 347 1053 satis
369 1006 556 1070 compertum
576 994 729 1053 habemus.

99 1094 138 1151 ΙΙ.
160 1094 214 1150 De
234 1095 469 1170 concepaalztmo.
492 1123 531 1132 -
553 1092 814 1167 Conceptualistae
842 1093 873 1151 in
901 1112 939 1153 eo
963 1114 1033 1154 con-

47 1183 174 1255 veniunt,
199 1183 281 1257 quod
296 1182 473 1241 universalia
491 1202 552 1242 non
567 1193 682 1241 tantum
702 1201 793 1242 voces
807 1202 872 1242 esse
886 1183 1032 1254 dixerunt,

48 1271 94 1328 sed
115 1271 210 1330 etiam
232 1283 404 1348 conceptus
427 1271 478 1347 qui
499 1282 600 1331 tamen
622 1283 786 1347 conceptus
807 1273 888 1330 nulla
901 1274 1033 1331 realitate

48 1369 125 1417 extra
149 1368 267 1419 mentem
288 1361 455 1420 fundentur.

101 1461 145 1517 Et
155 1460 298 1517 Kantium
309 1459 430 1534 quidem
445 1459 552 1519 scimus
568 1456 608 1535 (p.
624 1454 690 1534 103)
705 1459 841 1518 docuisse
856 1458 1033 1518 universalia

49 1566 104 1605 non
134 1566 200 1607 esse
228 1548 285 1607 nisi
312 1557 398 1625 typos
419 1548 565 1623 quosdam
587 1550 635 1607 vel
655 1549 776 1623 formas
796 1551 883 1606 menti
901 1569 920 1607 a
937 1550 1035 1625 priori

48 1639 162 1697 innatas
184 1633 413 1713 (sionnalismus
435 1632 577 1713 Kantiir).

102 1736 214 1811 Neque
235 1746 336 1796 tamen
357 1737 432 1795 haec
452 1736 507 1795 suit
527 1738 673 1796 sententia
694 1735 926 1796 moderatiorum
941 1735 1032 1795 medii

49 1824 111 1884 aevi
126 1826 390 1899 nominalistarum,
408 1827 459 1902 qui
474 1827 725 1903 conceptualistae
740 1825 812 1886 dicti
827 1837 895 1885 sunt
909 1821 1031 1902 (Occam,

50 1933 123 1974 saec.
140 1910 213 1991 xiv).
250 1918 293 1975 Hi
307 1916 388 1975 enim
402 1936 464 1975 non
479 1928 661 1993 negaverant
675 1916 858 1976 intellectum
871 1915 1033 1974 humanum

50 2004 101 2062 sibi
130 2007 289 2064 efformare
317 2024 405 2082 posse
433 2017 597 2082 conceptus
625 2006 750 2065 realitati
778 2004 943 2065 obiectivae
965 2023 1035 2063 con·

50 2095 165 2154 formes.
202 2095 263 2154 Sed
277 2095 336 2153 hoc
350 2095 494 2170 imprimis
509 2095 713 2167 intendebant,
729 2105 761 2154 ut
774 2094 813 2153 ad
829 2095 1033 2170 quaestionem

51 2184 266 2259 responderent
299 2195 369 2243 tunc
403 2184 546 2260 temporis
580 2183 708 2243 maxime
738 2185 895 2260 agitatam:
938 2191 1034 2241 utrum

51 2273 158 2333 scilicet
169 2275 281 2347 gradus
301 2274 486 2350 metaphysici,
508 2293 576 2349 quos
597 2277 628 2332 in
647 2294 707 2332 una
726 2274 873 2348 eademque
893 2293 926 2331 re
938 2274 1034 2332 dz'stin·

47 2366 165 2434 guimas,
187 2366 247 2421 sint
264 2365 409 2421 ualitates
428 2381 517 2422 necne.

107 2462 228 2521 Gradus
243 2471 342 2520 autem
351 2461 546 2539 metaphysici
555 2472 701 2520 vocantur
710 2461 849 2520 attributa
858 2461 1033 2532 essentialia,

52 2550 154 2623 quibus
182 2568 236 2610 ens
264 2551 386 2626 aliquod
413 2550 599 2610 individuum
627 2561 657 2609 et
677 2551 795 2609 realiter
823 2569 914 2609 unum
929 2550 1035 2610 consti·

52 2641 142 2698 tuitur.
186 2642 222 2698 In
244 2641 365 2700 Socrate
388 2659 412 2699 e.
435 2658 463 2715 g.
485 2640 654 2698 huiusmodi
674 2639 812 2698 attributa
826 2651 908 2698 sunt:
931 2656 1036 2715 corpo·

110 2850 117 2881 ¹
140 2853 226 2901 «Chez
244 2853 378 2913 Roseelin,
408 2853 451 2917 qui
469 2869 542 2918 passe
561 2869 627 2919 pour
644 2852 790 2901 l'initiateur
808 2853 842 2900 du
861 2850 1035 2900 nominalisme

53 2932 82 2978 du
98 2948 189 2996 moyen
202 2935 258 2997 age,
279 2941 345 2982 cette
364 2933 477 2982 doctrine
496 2932 562 2982 n'est
577 2934 655 2998 gnere
668 2931 760 2997 qu'une
773 2933 879 2980 formule
893 2931 1035 2980 indistincte

54 3011 221 3077 d'opposition
240 3030 273 3061 au
291 3012 415 3062 realisme.
453 3013 504 3062 Les
522 3029 616 3078 gentes
634 3021 660 3061 et
678 3013 715 3061 les
737 3012 842 3076 especes
866 3011 964 3060 sont-ils
990 3012 1035 3059 des

55 3108 118 3140 noms
136 3109 171 3142 ou
189 3094 235 3142 des
255 3093 361 3142 choses?
385 3091 470 3144 s’etait
488 3094 613 3142 demande
632 3092 769 3158 Porphyre.
806 3091 843 3141 Ce
861 3107 894 3140 ne
913 3100 972 3140 sont
990 3107 1035 3156 pas

57 3172 94 3221 des
118 3174 222 3235 choses,
251 3174 371 3238 repondit
396 3173 531 3224 Roseelin:
558 3171 618 3222 d’oir
643 3180 708 3221 cette
735 3171 898 3232 conclusion,
924 3172 986 3219 dont
1012 3170 1035 3218 le

56 3269 106 3302 sens
123 3254 243 3303 demeure
262 3254 392 3319 imprecis:
420 3271 449 3303 ee
475 3262 533 3303 sont
552 3254 598 3302 des
617 3268 716 3318 noms,¹
729 3266 819 3298 voces»
842 3248 960 3311 (Mercier
976 3251 993 3296 l.
1013 3263 1034 3294 c.

56 3350 77 3396 p.
95 3331 164 3397 287).

104 3427 292 3476 Reinstadler,
309 3427 378 3467 Elem.
394 3426 473 3476 philos.
490 3423 558 3464 schol.
841 3426 873 3459 10
