2350 3700
150 161 199 222 164
528 173 757 211 crrruusoeoom.

147 323 226 380 lacta
246 331 278 378 ut
297 321 389 380 realia
410 321 575 402 admittere,
598 322 636 380 de
651 321 758 396 quibus
772 332 866 379 exstat
879 320 1053 396 legitimum
1069 320 1145 378 testi·

146 409 280 468 monium
299 409 479 468 historicum.
522 410 738 485 Quaecumque
759 428 831 468 vero
852 411 911 468 hac
931 409 1056 468 ratione
1084 427 1145 466 non

146 500 318 570 innituntur,
340 498 493 557 reicienda
513 501 561 557 vel
581 501 686 558 saltem
707 518 770 556 non
790 499 970 557 affirmanda
992 516 1063 557 esse
1096 498 1162 554 do-¹

147 597 230 660 cent,
252 587 332 646 iuxta
352 587 546 663 principium:
567 587 641 646 Non
660 595 728 646 sunt
746 588 960 664 multiplicanda
982 589 1065 645 entia
1087 590 1147 645 sinc

146 679 257 734 ratione
282 676 443 752 sufficienti.
487 676 535 735 Sic
563 678 674 735 factum
703 696 807 748 omne,
836 676 941 752 quavis
968 677 1145 736 recentiore

146 765 304 825 traditione
325 767 373 824 vel
394 776 636 841 quantocumque
657 767 824 825 recentiore
838 765 1012 825 testimonio
1028 766 1146 841 scripto
1162 795 1163 820 t

146 858 307 927 firmatum,
338 865 370 912 ut
390 855 495 913 falsum
516 856 563 914 vel
583 856 710 930 gratuito
732 854 915 931 suppositum
936 855 979 912 illi
1002 856 1146 913 absolute

146 943 286 1015 reiciunt,
315 943 339 1002 si
366 944 406 1002 de
432 945 498 1020 ipso
526 944 614 1003 silent
641 943 693 1019 qui
719 962 757 1003 eo
778 953 913 1019 tempore
942 943 1143 1020 scripserunt,

147 1052 207 1109 quo
228 1034 338 1091 factum
359 1033 431 1091 illud
452 1033 612 1108 contigisse
633 1032 740 1091 dicitur
753 1034 770 1092 ¹.
1163 1085 1164 1094 ι

207 1123 267 1180 Sed
287 1123 363 1180 haec
383 1122 514 1198 legitime
535 1125 655 1193 fierent,
683 1124 711 1180 si
728 1124 804 1180 ratio
830 1122 977 1198 sufficiens
1005 1123 1042 1179 de
1069 1124 1144 1179 exsi-

145 1213 248 1270 stentia
262 1211 344 1285 sacti
361 1212 479 1270 alicuius
498 1214 645 1287 qut’cquam
665 1211 841 1288 affirmandi
859 1221 953 1270 solum
967 1228 1048 1269 esset
1060 1221 1144 1270 testi-

146 1310 282 1359 monium.
321 1302 440 1359 Revera
467 1311 565 1359 autem
593 1301 669 1359 haec
693 1301 768 1358 ratio
796 1300 946 1360 sufficiens
973 1319 1012 1358 ex
1038 1284 1165 1358 multisl

146 1390 210 1448 aliis
231 1389 355 1448 criteriis
376 1389 451 1448 sumi
471 1399 578 1466 potest,
600 1401 631 1448 ut
652 1389 804 1448 cotidiana
827 1389 1013 1466 experientia
1036 1391 1143 1448 docet.

147 1479 205 1549 Sic,
227 1489 259 1537 ut
279 1480 417 1554 exemplo
435 1490 552 1537 utamur
565 1478 742 1555 percelebri,
763 1487 952 1555 supponamus
964 1479 1006 1536 de
1021 1479 1145 1536 conses-

147 1567 231 1626 sione
245 1567 410 1639 auriculari,
432 1576 465 1625 ια
475 1567 568 1642 facto,
591 1567 609 1626 i.
626 1586 651 1626 e.
674 1568 713 1626 de
734 1567 784 1624 tali
806 1566 997 1626 consessione
1018 1564 1166 1636 realiterl

141 1664 270 1732 peracta,
292 1656 462 1715 testimonia
482 1656 623 1714 historica
644 1651 815 1731 (traditione
836 1657 884 1714 vel
904 1656 963 1714 alio
979 1657 1079 1715 modo
1096 1675 1148 1714 ex·
1165 1639 1166 1662 ¹

147 1741 260 1823 pressa)
281 1747 362 1803 nulla
383 1756 498 1804 exstare
518 1745 613 1804 tribus
636 1745 738 1822 primis
765 1754 833 1821 post
854 1745 1004 1803 Christum
1035 1757 1149 1803 natum

147 1834 280 1907 saeculis,
305 1834 358 1894 sed
379 1855 395 1893 a
418 1845 524 1910 quarto
544 1836 665 1894 saeculo
685 1853 779 1910 usque
799 1834 839 1892 ad
860 1852 915 1893 nos
935 1833 1150 1893 exsistentiam

145 1924 231 1983 huius
252 1925 322 1982 sacti
343 1942 408 1983 esse
428 1924 566 1982 historice
587 1925 754 2000 probatum.
796 1924 886 1982 Ratio
907 1924 1061 1983 sufficiens
1083 1926 1150 1983 hoc

147 2014 258 2071 factum
285 2032 342 2089 pro
370 2014 489 2071 saeculo
517 2012 605 2072 tertio
632 2014 679 2071 vel
707 2013 841 2071 secundo
869 2012 1039 2072 affirmandi
1071 2024 1149 2072 tunc

146 2113 229 2160 certo
249 2120 312 2160 non
334 2101 389 2160 erit
409 2102 440 2159 in
461 2101 631 2160 testimonio
650 2100 793 2161 historico
812 2102 993 2177 quaerenda,
1018 2121 1092 2161 curn
1109 2122 1147 2161 ex

145 2192 303 2266 hypothesi
323 2189 491 2249 huiusmodi
511 2190 713 2250 testimonium
734 2192 845 2249 nullum
867 2209 923 2267 pro
943 2191 995 2249 tali
1017 2195 1146 2251 saeculo

146 2280 273 2338 exsistat.
308 2279 462 2339 Invenitur
481 2290 591 2351 tamen,
613 2281 692 2339 iuxta
713 2280 829 2351 multos,
851 2281 927 2338 haec
948 2280 1025 2337 ratio
1047 2283 1145 2357 plane

146 2369 295 2428 sufficiens
322 2369 353 2426 in
381 2369 445 2444 ipsa
472 2380 577 2427 natura
606 2369 691 2427 huius
721 2369 791 2427 facti
821 2368 940 2427 realiter
970 2370 1146 2429 exsistentis

146 2460 265 2517 saeculo
286 2468 401 2533 quarto.
444 2460 532 2517 Mens
559 2458 640 2517 enirn
669 2460 750 2517 clare
775 2458 878 2516 videre
904 2467 1002 2533 potest
1026 2460 1145 2517 factum

145 2549 230 2620 illud,
258 2548 342 2622 quale
361 2546 473 2605 exsistit
492 2548 551 2605 hoc
578 2558 685 2621 quarto
714 2547 849 2619 saeculo,
880 2547 965 2604 aliter
993 2548 1146 2622 explicari

145 2656 208 2695 non
236 2655 341 2712 posse,
368 2635 424 2694 nisi
453 2635 623 2693 admittatur
650 2636 746 2711 ipsum
774 2635 833 2693 iam
861 2635 1022 2710 contigisse
1049 2638 1145 2695 tertio

146 2727 265 2785 saeculo
285 2726 333 2784 vel
354 2725 496 2796 secundo,
519 2725 611 2783 immo
632 2724 738 2799 primo.

206 2816 424 2889 Argumentum
443 2824 545 2872 tamen
566 2832 604 2872 ex
624 2813 741 2872 silentio
763 2813 891 2871 auctoris
911 2812 1067 2871 cuiusdam
1091 2816 1144 2873 de·

146 2913 293 2977 sumptum
315 2898 552 2978 (sargumentum
567 2897 770 2979 negativum»)
785 2902 916 2960 validum
930 2902 1058 2961 omnino
1072 2906 1142 2974 erit,

145 2991 196 3049 ubi
210 2993 285 3049 haec
300 2992 360 3049 duo
375 3001 457 3049 certo
473 3002 627 3066 comperta
648 2991 771 3050 fuerint:
798 2997 825 3048 1⁰
844 2991 1031 3066 scriptorem,
1055 2994 1143 3050 cuius

208 3199 216 3231 ¹
237 3201 279 3249 Sic
298 3204 353 3267 ipse
366 3202 503 3251 Barouius:
526 3203 620 3265 «Quod
632 3203 699 3253 enim
713 3220 727 3251 a
740 3194 881 3252 recentiore
894 3211 999 3251 auctore
1013 3203 1046 3251 de
1059 3204 1141 3251 rebus

146 3282 210 3329 adeo
228 3282 338 3343 antiquis
357 3283 412 3330 sine
430 3282 536 3331 alicuius
553 3283 700 3332 vetustioris
726 3283 875 3331 auctoritate
902 3284 1048 3346 profertur,
1078 3299 1140 3331 con-

147 3358 277 3405 temnitur»
294 3356 395 3419 (Annal.
415 3360 448 3405 ad
466 3376 506 3407 an.
523 3373 545 3419 1,
565 3378 589 3410 n.
607 3359 656 3423 12).
675 3388 708 3395 -
722 3362 761 3409 Cf.
775 3363 815 3410 De
828 3362 911 3410 Smedt
921 3362 938 3410 l.
952 3378 974 3411 c.
988 3378 1014 3427 p.
1030 3374 1083 3423 213
1098 3380 1138 3427 sq.
