2350 3700
255 168 293 203 DE
312 167 445 204 DIVERSIS
464 166 699 203 PROPOSITIONUM
720 166 876 205 SPECIEBUS.
1025 167 1057 217 37

59 313 156 373 unico
177 315 326 373 vocabulo
348 316 552 387 concludatur,
573 336 601 373 v.
616 334 644 390 g.
670 316 785 391 «lego»,
808 315 889 390 quod
911 314 991 374 idem
1014 327 1058 375 est

59 424 99 461 ac
125 422 203 479 «ego
224 423 289 463 sum
309 405 441 479 legens».

125 493 303 551 Notandum
323 511 445 568 quoque
465 494 601 569 capulam,
627 510 695 552 cum
717 491 790 551 nihil
811 492 891 551 aliud
912 492 1058 569 significet

59 581 121 639 nisi
143 581 420 657 pronuntiationem
434 588 613 658 praesentem
635 582 715 641 circa
741 581 983 641 convenientiam
1010 584 1057 641 vel

60 670 355 729 disconvenientiam
376 668 500 729 subiecti
521 682 551 729 et
571 671 752 746 praedicati,
780 680 889 747 semper
910 689 966 729 esse
994 678 1057 729 tem·

55 761 144 834 peris
167 762 335 835 praesentis.
378 760 633 835 Quotiescumque
662 759 750 835 igitur
779 760 904 819 verbum
935 760 1057 819 alicuius

59 848 281 924 propositionis
302 848 434 907 consistit
454 850 486 907 in
506 848 566 907 alio
587 860 723 924 tempore
744 848 806 908 sive
820 848 982 924 praeterito
996 848 1057 909 sive

60 938 180 1009 firturo,
209 938 285 996 haec
313 938 417 996 relatio
444 938 587 1013 temporis
615 955 678 997 non
699 938 738 997 ad
759 940 897 1013 copulam
919 938 1056 1014 pertinet,

60 1026 119 1085 sed
140 1027 181 1084 ad
201 1026 422 1101 praedicatum3
443 1047 469 1085 v.
485 1046 513 1102 g.
538 1028 602 1085 «sol
623 1046 688 1086 cras
709 1028 836 1085 orietur»
858 1026 939 1086 idem
960 1039 1005 1087 est
1018 1048 1054 1086 ac

64 1117 130 1173 «sol
152 1125 197 1174 est
217 1134 283 1173 cras
305 1115 475 1173 oriundus».
505 1116 597 1189 Quod
618 1116 699 1175 idem
719 1117 798 1175 valet
818 1134 880 1175 non
899 1118 994 1175 solum
1015 1117 1054 1175 de

60 1205 159 1262 verbo
188 1204 353 1275 adiectiv0,
381 1204 436 1262 sed
461 1204 500 1263 de
528 1203 594 1280 ipso
622 1206 716 1263 verbo
743 1223 799 1263 esse
807 1226 817 1276 ,¹
846 1225 873 1263 v.
895 1224 923 1280 g.
950 1205 1056 1263 «iustus

63 1293 121 1351 erit
141 1292 231 1351 felix»
255 1292 337 1351 idem
357 1303 403 1352 est
422 1312 459 1351 ac
483 1292 591 1352 «iustus
612 1305 656 1353 est
677 1294 746 1353 felix
767 1294 907 1353 futurus».

124 1382 302 1440 Notandum
322 1382 454 1457 denique
474 1384 599 1441 verbum
621 1400 685 1452 esse,
708 1384 830 1458 quando
851 1383 972 1442 sumitur
992 1402 1055 1444 non

62 1471 300 1540 substantialiter,
328 1471 383 1530 sed
402 1471 564 1541 verbaliter,
587 1471 604 1530 i.
627 1490 652 1530 e.
674 1473 734 1529 sine
754 1472 866 1541 adalta,
889 1471 1055 1547 significare

63 1562 217 1631 exsistere;
238 1580 265 1617 v.
281 1578 309 1635 g.
328 1561 483 1619 «Socrates
499 1571 559 1619 est»
583 1560 664 1621 idem
685 1560 830 1636 significat
848 1580 884 1620 ac
901 1561 1055 1621 «Socrates

63 1660 109 1708 est
125 1650 307 1722 exsistens»;
331 1650 408 1707 «vita
428 1649 501 1707 erit»
524 1649 605 1708 idem
626 1660 671 1708 est
691 1668 727 1709 ac
751 1649 828 1709 «vita
848 1660 893 1709 est
913 1650 1055 1709 exsistens

62 1739 163 1796 futura
183 1739 233 1797 vel
254 1738 421 1797 exstitura».

480 1861 589 1921 Csau‘r
610 1880 640 1922 11.

119 1977 178 2034 DE
200 1977 390 2036 DIVERSIS
411 1977 753 2037 PROPOSITIONUM
775 1979 1002 2037 SPECIEBUS.

125 2092 206 2150 Cum
226 2091 404 2150 iudiciorum
425 2103 454 2150 et
474 2090 713 2168 propositionum
740 2093 847 2152 eadem
875 2093 912 2151 sit
940 2092 1053 2164 divisio,

60 2181 103 2240 de
135 2180 377 2256 propositionum
407 2181 615 2257 partitionibus
642 2191 754 2239 tantum
785 2181 925 2242 dicemus.
968 2183 1054 2256 Quae

61 2268 173 2328 divisio
195 2288 232 2327 ex
253 2269 408 2346 multiplici
430 2270 528 2346 capite
550 2270 660 2329 deduci
680 2281 786 2346 potest.
816 2273 861 2328 Ex
875 2281 960 2347 parte
975 2271 1055 2330 enim

52 2360 215 2435 firmitatis
234 2359 485 2434 pronuntiationis
505 2361 554 2418 vel
574 2377 710 2418 assensus
730 2359 967 2435 propositionem
985 2360 1056 2418 divi·

61 2449 142 2507 dunt
162 2447 195 2505 in
215 2455 319 2505 certam
340 2458 370 2506 et
383 2449 577 2525 probabilem
598 2459 740 2524 exparte
761 2451 866 2519 motiva)
889 2468 948 2524 quo
970 2467 1055 2508 mens

61 2539 104 2596 ad
125 2537 382 2612 pronuntiandum
396 2537 560 2608 adducitur,
583 2537 614 2594 in
629 2539 799 2612 analyticam
813 2548 843 2596 et
856 2539 1054 2612 syntheticam·

63 2626 202 2702 aliasque
222 2625 391 2685 huiusmodi
411 2627 573 2686 divisiones
594 2628 739 2695 afferunt,
762 2645 839 2701 quae
861 2628 901 2686 ad
922 2626 1054 2685 criticam

63 2715 163 2790 magis
183 2714 342 2790 pertinent.
376 2718 411 2773 In
431 2717 576 2775 AEaleete'ea
596 2733 668 2774 vero
690 2733 741 2774 eas
762 2725 876 2774 tantum
897 2714 1056 2774 divisiones

65 2803 300 2875 consideramus,
323 2822 400 2881 quae
422 2807 495 2863 fiunt
515 2805 570 2863 sub
591 2815 729 2881 respectu
749 2805 819 2862 recti
837 2805 946 2862 erde'reis
966 2804 996 2862 in
1016 2804 1056 2862 iu·

65 2893 153 2954 diciis
175 2904 206 2951 et
225 2893 386 2953 ratiociniis
407 2893 550 2971 ponendi.

129 2983 217 3056 Quae
232 3001 300 3041 cum
313 2983 354 3041 ita
368 2983 434 3056 sint,
456 2983 521 3042 illas
534 2992 649 3042 tantum
663 2985 804 3043 hocloco
818 2983 1055 3060 propositionum

67 3071 186 3148 species
206 3073 376 3144 referemus,
399 3091 524 3148 quarum
546 3072 680 3148 cognitio
701 3071 811 3131 iuvabit
825 3073 864 3131 ad
878 3083 959 3132 recte
973 3073 1056 3133 intel·

66 3160 238 3237 legendum,
261 3161 333 3235 quid
354 3160 476 3236 singulis
497 3160 613 3220 iudiciis
634 3161 828 3221 enuntiemus.

129 3249 278 3324 Imprimis
298 3267 370 3308 vero
391 3250 614 3326 propositiones
634 3250 805 3310 dividuntur
825 3251 857 3308 in
876 3253 1011 3327 simplices
1026 3263 1056 3310 et

68 3340 240 3415 compositas.
281 3339 521 3412 Propositionem
542 3339 690 3413 simplicem
712 3357 779 3398 eam
799 3356 956 3408 vocamus,
978 3357 1054 3410 quae
