2350 3700
1002 2 1069 25 5„-

151 118 203 167 290
524 118 562 155 DE
581 118 760 157 CATEGORIIS.
1124 2 1150 257 *1

149 266 256 325 eadem
276 265 426 325 evidentia
446 266 526 324 clare
547 276 673 342 apparet
686 284 749 323 non
770 276 903 323 amente
918 265 1067 334 constitui,
1085 265 1126 321 sed
1149 262 1150 267 ’

148 357 330 413 exsisterem
350 355 441 424 rebus,
462 356 541 412 nulla
561 358 712 427 cogitante:
735 354 814 413 clare
836 354 919 413 enim
935 364 1065 430 apparet
1076 353 1129 411 illas

147 444 235 504 nobis
256 444 379 520 imponi,
401 460 464 501 non
484 462 540 502 nos
561 444 651 503 rebus
671 444 750 519 ipsas
770 442 936 520 imponere.

208 545 246 601 II.
268 543 420 611 Indirecter,
441 560 478 599 ex
491 542 628 599 absurdis.
664 541 781 617 Negata
802 542 882 600 enim
903 542 963 599 hac
981 552 1043 599 tam
1064 543 1133 600 clara

148 631 307 703 evidentia,
326 631 410 689 irruit
430 630 632 707 scepticismus
654 630 834 690 universalis
878 631 1045 689 Praeterea
1067 632 1133 688 haec

148 720 285 797 specialis
305 720 409 779 Kantii
429 720 566 779 doctrina
586 739 648 779 non
664 731 708 780 est
721 720 784 779 nisi
805 720 969 796 applicatio
992 721 1133 795 quaedam

147 810 281 869 theoriae
317 810 408 885 ipsius
437 810 476 868 de
510 808 627 868 iudiciis
663 808 835 885 syntheticis
868 828 886 868 a
915 809 1014 885 priori
1045 820 1076 868 et
1103 810 1152 887 de¹

147 898 284 957 illusione
310 898 578 957 transcendentali:
615 917 705 974 quam
735 897 856 974 quidem
890 898 1043 957 theoriam
1079 916 1135 974 per·

148 988 307 1047 absurdam
328 1006 393 1047 esse
420 989 452 1046 in
473 987 674 1063 criteriologia
695 987 878 1046 ostendimus
890 989 907 1045 ¹.

423 1154 441 1221 ξ
459 1171 484 1218 4.
517 1160 561 1206 De
580 1158 697 1207 entitate
713 1157 868 1207 relationis.

208 1292 252 1339 Ad
271 1298 375 1339 statum
393 1290 575 1351 quaestionis.
618 1280 668 1339 Ad
695 1281 871 1340 relationem
898 1278 1137 1339 constituendam

147 1388 237 1445 supra
251 1364 291 1445 (p.
309 1365 378 1444 286)
392 1368 519 1428 diximus
532 1370 588 1428 tria
602 1370 722 1445 requiri,
743 1369 900 1427 nimirum:
922 1370 983 1428 duo
1006 1380 1137 1427 extrema

147 1469 178 1518 et
198 1459 432 1518 fundamentum,
476 1459 666 1518 Relationem
694 1475 766 1518 vero
788 1459 882 1535 ipsam
904 1458 1079 1533 formaliter
1098 1461 1137 1515 in-

146 1556 265 1625 spectem
285 1557 434 1624 conceptu
448 1548 536 1607 nobis
550 1548 779 1621 manifestamus,
802 1548 884 1608 cuius
898 1547 974 1608 ratio
988 1548 1137 1607 obiectiva
1154 1537 1155 1613 l

147 1654 246 1713 neque
261 1648 305 1695 est
325 1637 488 1696 subiectum
509 1655 610 1713 neque
628 1637 769 1696 terminus
783 1655 882 1713 neque
902 1638 1155 1705 fundamentum,

147 1727 200 1785 sed
221 1726 294 1786 illud
315 1745 388 1784 «esse
401 1727 468 1795 ad»,
490 1726 573 1802 quod
589 1726 755 1785 subiectum
776 1728 867 1785 habet
887 1726 1010 1785 relative
1032 1728 1072 1784 ad
1086 1736 1139 1785 ter·

147 1816 261 1874 minum
280 1826 404 1892 propter
423 1816 651 1875 fundamentum
671 1815 703 1874 in
723 1817 789 1892 ipso
818 1815 975 1889 exsistens
1005 1826 1038 1875 et
1059 1816 1139 1893 quod

147 1905 351 1964 definivimus:
376 1906 526 1964 «habitudo
546 1925 594 1964 seu
614 1914 753 1982 respectus
772 1909 857 1964 unius
876 1908 919 1964 od
935 1907 1045 1964 alred».

207 2006 243 2061 In
264 2004 457 2063 relationibus
477 2003 606 2080 proinde
627 2004 764 2076 realibus,
787 2005 891 2063 relatio
912 2005 1080 2063 formaliter
1101 2005 1156 2066 inv

147 2102 250 2168 specta
264 2111 369 2151 revera
383 2092 569 2169 distinguitur
584 2113 602 2151 a
616 2095 752 2162 terminis,
767 2095 838 2152 item
853 2103 936 2152 certo
951 2093 1140 2169 distinguitur

146 2183 244 2239 saltem
271 2184 383 2240 ratione
409 2202 428 2240 a
443 2182 660 2257 sundamerrtr,··
681 2183 741 2241 alio
770 2182 851 2242 enim
878 2193 1031 2259 conceptu
1052 2184 1139 2242 nobis

147 2282 404 2346 repraesentamus
426 2271 651 2331 fundamentum
672 2281 762 2348 prout
782 2281 826 2331 est
846 2273 877 2329 in
898 2271 1050 2342 subiecto,
1072 2272 1137 2341 alio,

147 2369 235 2436 prout
256 2360 346 2419 habet
368 2380 432 2420 esse
453 2361 679 2420 interminum.

208 2449 268 2507 Sed
296 2449 399 2523 quaeri
427 2459 525 2524 potest
544 2450 682 2508 ulterius:
711 2451 795 2507 Haec
813 2452 952 2508 distinctio
972 2451 1050 2508 inter
1069 2451 1138 2507 relo-

147 2539 248 2595 tr'rnem
281 2538 453 2611 frrrmliter
485 2540 635 2614 inspectam
671 2546 699 2595 et
724 2541 781 2596 eius
808 2539 1035 2613 fundamentum
1066 2547 1138 2596 estne

147 2627 232 2683 etiam
252 2628 350 2697 realis,
371 2647 412 2686 art
432 2629 554 2686 rationis
574 2624 710 2686 tantum?

208 2735 392 2799 quaestionis
411 2736 523 2785 solutio.
565 2728 588 2785 l.
611 2727 699 2786 Circa
727 2725 911 2802 propositam
933 2727 1136 2801 quaestionem

147 2813 297 2889 duplicem
318 2815 462 2873 habemus
484 2815 728 2891 philosophorum
750 2815 937 2874 sententiam.

211 2933 234 2971 1.
251 2913 311 2970 Alii
326 2913 406 2972 enim
420 2912 643 2972 distinctionem
657 2913 738 2971 illam
753 2915 941 2972 contendunt
956 2932 1021 2973 esse
1035 2916 1136 2972 realem

147 3004 290 3071 maiorem,
311 3004 360 3060 vel
369 3005 467 3060 saltem
481 3005 624 3059 minorem.
661 3002 796 3076 Quorum
811 3002 943 3062 rationes
957 3003 1136 3081 praecipuae

147 3090 204 3148 hae
225 3102 307 3152 sunt:

211 3298 277 3344 ¹cf.
296 3315 321 3358 p.
346 3310 394 3357 113
413 3316 450 3360 sq.
