2350 3700
150 152 200 202 ²72
523 152 561 187 nn
581 144 758 187 curremus.

148 301 271 377 quando
291 318 395 359 manus
417 299 526 371 scribit,
548 316 613 356 non
626 298 747 374 proprie
769 308 799 355 et
819 297 922 355 ultimo
943 312 1046 353 manus
1062 294 1125 350 dici-

148 402 193 451 tur
214 390 353 461 scribere,
375 389 429 447 sed
450 390 550 459 homo,
573 403 632 463 ope
653 404 775 459 manus3
799 386 869 443 item
888 385 1012 460 quando
1026 400 1128 457 corpus

148 480 278 538 ambulat
307 479 352 537 vel
380 479 480 536 anima
508 476 634 552 cogitat,
663 494 726 534 non
753 475 874 551 proprie
898 492 1009 550 corpus
1028 472 1129 532 dicitur

147 568 315 638 ambulare,
351 567 451 625 anima
481 566 631 641 cogitare3
665 564 720 623 sed
753 563 847 622 homo
876 564 999 638 proprie
1028 562 1130 620 dicitur

147 658 309 727 ambulare,
332 656 473 730 cogitare.

162 766 168 776 ·
206 746 296 805 Cuius
317 745 359 803 rei
381 744 458 803 ratio
478 754 530 815 est,
554 744 624 818 quia
643 760 733 819 agere
752 743 874 818 proprie
895 742 958 800 eius
979 751 1032 811 est,
1055 740 1133 797 cuius

148 846 192 895 est
219 852 283 893 esse
310 834 358 891 vel
386 834 533 893 exsistere.
574 834 634 892 Sed
662 850 727 892 esse
754 832 876 908 proprie
904 842 949 889 est
976 828 1134 905 suppositi:
1156 813 1157 888 i

148 934 246 1001 partes
276 934 375 981 autern
408 924 455 981 vel
490 934 611 981 naturae
646 940 709 980 non
736 933 804 980 sunt
832 921 889 979 nisi
918 930 1043 996 propter
1073 918 1134 975 sub·

149 1012 311 1071 sistentiam
326 1012 469 1088 suppositi
482 1014 498 1070 ¹.
535 1012 679 1070 Actiones
692 1010 820 1087 proinde
835 1011 1001 1068 tribuuntur
1015 1019 1133 1065 naturae

148 1114 177 1160 et
204 1102 373 1178 supposito,
405 1100 458 1159 sed
483 1120 545 1159 non
572 1100 681 1159 eodem
701 1101 802 1159 modu.
851 1100 1033 1157 Tribuuntnr
1058 1097 1133 1155 enim

149 1202 269 1249 naturae
291 1200 322 1247 ut
342 1190 506 1266 principio,
526 1208 580 1264 quo
602 1190 786 1265 suppositum
807 1200 963 1265 operatur,
985 1186 1132 1263 supposito

148 1296 219 1337 vero
240 1290 272 1337 ut
291 1280 456 1355 principio,
487 1279 564 1353 quad
581 1288 729 1354 operatur.
771 1278 873 1351 Quare
901 1276 1069 1336 scholastici
1089 1294 1133 1331 na-

149 1380 242 1427 turam
270 1379 379 1426 vocant
409 1368 588 1443 principium
620 1385 697 1441 quo,
728 1368 911 1444 suppositum
942 1384 1029 1435 vero,
1061 1364 1135 1440 prin·

152 1458 262 1533 cipium
285 1457 376 1532 quod.

210 1548 246 1603 ll.
271 1547 400 1603 Actiones
416 1547 595 1621 partiapant
612 1546 776 1619 dagnitatcm
791 1553 938 1620 personae.

210 1634 348 1709 Sequitur
361 1636 420 1692 hoc
433 1635 552 1692 axioma
566 1652 603 1692 ex
617 1635 725 1711 priore.
761 1635 898 1693 Actionis
915 1634 998 1693 enim
1012 1633 1136 1708 dignitas

150 1724 315 1799 generatim
334 1723 518 1782 aestimanda
532 1733 576 1781 est
590 1742 627 1782 ex
647 1724 791 1799 dignitate
806 1725 877 1794 eius,
898 1724 976 1781 cuacs
994 1730 1042 1780 est.
1080 1721 1136 1779 Sed
1156 1703 1157 1774 l

152 1814 286 1873 actiones
307 1824 374 1872 sunt
394 1813 623 1889 suppositorum.
1156 1801 1157 1820 ¹

214 1903 284 1962 Duo
305 1903 355 1962 illa
375 1904 522 1961 axiomata
549 1920 612 1960 non
632 1903 716 1978 parvi
741 1913 809 1961 sunt
828 1903 989 1972 momenti,
1018 1901 1137 1977 quando

154 1994 185 2051 in
215 1991 366 2068 theologia
395 2011 480 2051 sacra
511 1992 607 2067 agitur
635 1991 675 2053 de
705 1993 929 2069 operationibus
957 1992 1066 2050 Christi
1095 2010 1139 2049 ex·

152 2081 307 2157 plicandis.
350 2081 423 2139 Fide
450 2081 530 2140 enim
558 2081 667 2140 scimus
687 2092 822 2140 naturam
850 2082 1011 2140 humanam
1031 2080 1156 2151 Christi

154 2187 217 2229 esse
239 2169 430 2228 substantiam
459 2170 655 2246 completam,
683 2187 742 2228 nec
762 2181 864 2235 tamen
885 2188 950 2230 esse
970 2186 1136 2246 personam,

149 2259 203 2318 sed
231 2258 389 2317 subsistere
416 2259 604 2318 subsistentia
624 2259 735 2328 Verbi,
763 2260 805 2317 ita
832 2270 864 2318 ut
882 2261 915 2318 in
936 2259 1056 2318 Christo
1082 2260 1136 2316 sint

151 2346 228 2404 duae
249 2357 380 2418 naturae,
402 2348 533 2406 humana
547 2348 661 2406 scilicet
681 2358 711 2406 et
729 2347 837 2419 divina,
860 2349 914 2407 sed
935 2367 998 2407 non
1012 2348 1070 2406 nisi
1082 2364 1136 2405 una
1154 2382 1155 2387 κ

150 2452 288 2511 persona,
310 2454 387 2510 quae
409 2447 453 2494 est
473 2455 602 2511 persona
623 2437 723 2496 Verbi.
752 2439 891 2509 Proinde,
913 2438 937 2496 si
958 2437 1137 2507 adsensum,

151 2523 236 2582 huius
256 2525 386 2599 mysterii
401 2525 613 2600 explicandum
634 2526 814 2584 adhibentur
833 2527 893 2584 duo
914 2527 965 2584 illa
986 2527 1130 2585 axiomata
1154 2515 1155 2518 ¹

153 2623 234 2671 recte
249 2612 368 2671 dicitur:
394 2615 545 2672 «Verbum
559 2633 679 2690 passum
693 2625 753 2687 est3
771 2615 905 2673 Verbum
920 2626 1068 2674 mortuum
1082 2627 1137 2685 est,

153 2703 235 2760 Deus
256 2711 387 2760 mortuus
407 2713 468 2776 est,
495 2704 595 2778 passio
608 2703 725 2762 Christi
747 2714 791 2762 est
814 2703 929 2775 divina,
958 2714 1003 2763 est
1030 2704 1154 2761 infinite*

153 2790 331 2848 meritoria.»
375 2792 476 2849 Passio
506 2793 585 2851 enim
609 2792 732 2863 Christi,
761 2793 816 2851 etsi
843 2803 966 2851 natiuae
995 2794 1136 2851 humanae

153 2879 312 2937 tribuenda
332 2889 377 2936 est
396 2889 428 2937 ut
448 2880 597 2956 principio
617 2900 686 2956 quo,
711 2882 806 2940 Verbi
828 2891 929 2941 tamen
950 2892 994 2940 est
1014 2892 1044 2940 ut
1065 2883 1155 2957 prin-t

155 2967 225 3042 cipii
245 2967 328 3041 quod.

219 3153 353 3204 ¹Facilius
373 3159 436 3206 haec
455 3160 601 3224 intelleges,
626 3164 661 3222 si,
686 3165 795 3212 admissa
813 3165 976 3213 distinctione
995 3164 1055 3212 reali
1077 3166 1134 3213 inter

156 3231 289 3278 essentiam
308 3242 334 3280 et
353 3235 536 3299 exsistentiam,
563 3242 742 3291 moriennam
762 3243 829 3292 idern
848 3259 904 3292 esse
924 3244 1033 3293 senseris
1049 3260 1079 3293 ac
1099 3262 1132 3293 er·-

156 3306 296 3354 sistentiam.
