2350 3700
549 132 626 167 DE
664 130 812 169 ORTU
854 132 980 167 SIVE
1021 132 1097 167 DE
1137 131 1469 168 CREATIONE
1510 131 1719 168 numm.
2024 131 2120 183 3¹39

141 273 303 353 (sui),
363 279 469 338 sed
526 278 705 338 etiam
761 297 835 338 ex
884 278 1073 337 nihilo
1114 279 1538 355 cuiuscumque
1581 279 1863 339 mater-iae
1907 279 2120 339 educta

140 367 211 425 sit
252 378 378 427 tota
418 368 544 426 eius
586 368 909 426 substantia
954 362 1049 441 (ex
1090 367 1279 425 nihilo
1321 362 1607 442 subiecti).

258 456 402 514 Non
446 466 643 516 autem
685 450 936 515 dicimus
979 455 1266 514 mundum
1306 474 1379 515 ex
1407 456 1592 515 nihilo
1623 475 1835 515 causae
1867 459 2124 515 efficimi-

140 546 210 603 tis
263 544 589 621 prodiisse,
614 545 617 548 ’
647 545 831 603 immo
886 544 1304 604 contendimus
1356 545 1550 621 ipsum
1593 563 1663 603 ex
1707 547 1887 603 nihilo
1935 547 2016 603 sui
2064 559 2120 603 et

139 634 387 693 subiecti
443 634 722 695 eductum
774 652 906 693 esse
962 634 1039 692 ab
1095 645 1234 693 ente
1293 635 1555 709 quodam
1602 655 1635 691 a
1679 655 1739 695 se
1783 635 2116 703 exsistente.

140 723 305 798 quod
347 742 631 783 vocamus
673 725 890 782 Deum.

255 813 482 872 Thesis’
512 824 715 872 nostra
753 814 873 870 hoc
914 830 1091 872 sensu
1133 812 1433 872 intellecta
1476 813 1553 871 de
1595 815 1711 871 fide
1755 827 1859 871 est.
1927 815 2116 891 Scrip*

138 913 267 961 tura
308 902 469 961 enim
513 921 683 961 sacra
712 901 985 978 explicite
1015 902 1354 959 affirmatur.
1434 904 1538 958 «In
1567 903 1863 978 principio
1895 903 2116 959 creavit

139 994 301 1051 Deus
346 994 577 1051 caelum
620 1000 679 1050 et
719 1000 969 1050 terram»
1020 986 1198 1066 (Gen.
1252 1011 1275 1047 1
1298 1037 1312 1063 ,
1365 986 1435 1065 1).
1527 993 1627 1048 «In
1687 991 1815 1067 ipsu
1875 991 2116 1051 condita

137 1092 271 1140 sunt
326 1082 530 1140 omnia
575 1125 586 1138 .
635 1127 645 1139 .
696 1126 707 1138 .
754 1079 955 1139 omnia
1003 1075 1100 1155 ’(τὰ
1142 1073 1342 1155 πάντα)
1398 1097 1507 1155 per
1547 1079 1739 1155 ipsum
1783 1095 1839 1139 et
1883 1083 1939 1139 in
1984 1083 2116 1155 ipso

136 1182 341 1229 creata
380 1180 547 1229 sunt»
583 1165 736 1246 (Col.
776 1190 824 1240 1,
875 1163 987 1243 16).
1067 1168 1224 1243 «Qui
1266 1168 1468 1227 omnia
1503 1171 1739 1239 creavit,
1787 1171 1947 1227 Deus
1992 1183 2112 1227 esta

137 1256 352 1333 (Hebr.
399 1279 453 1334 3,
497 1255 575 1334 4).

255 1349 430 1407 Idem
484 1347 705 1424 apertis
758 1346 955 1406 verbis
1009 1348 1344 1405 declaratur
1399 1347 1460 1404 in
1517 1346 1763 1406 diversis
1815 1351 2112 1423 symbolis.

140 1438 364 1497 «credo
405 1437 468 1496 in
510 1437 709 1495 Deum
754 1480 765 1495 .
814 1483 825 1494 .
874 1483 885 1494 .
930 1446 1264 1495 creatorem
1306 1435 1457 1495 caeli
1503 1446 1563 1494 et
1619 1447 1879 1507 teri-aea,
1939 1447 1998 1495 et
2056 1439 2112 1495 in

134 1526 441 1599 ConciliiS,
486 1528 682 1585 Later.
714 1526 801 1583 IV
844 1521 917 1602 (c.
956 1546 1003 1584 1.
1070 1519 1368 1599 Firmiter)
1410 1535 1471 1583 et
1500 1523 1855 1600 'praesertim
1887 1527 2112 1583 vatia:

139 1616 237 1675 «Si
281 1616 415 1692 quis
456 1633 581 1674 non
623 1618 972 1674 confiteatur
1004 1615 1310 1686 mundum,
1356 1632 1569 1689 resque
1599 1635 1823 1687 omnes,
1871 1635 2024 1691 quae
2056 1619 2112 1671 in

134 1723 208 1764 eo
268 1706 681 1776 continentur,
744 1714 802 1763 et
859 1704 1190 1780 spirituales
1245 1714 1305 1763 et
1357 1703 1719 1775 materiales,
1783 1707 2108 1763 secundum

132 1805 323 1854 totam
352 1813 518 1854 suam
545 1793 931 1853 substantiam
960 1812 997 1852 a
1020 1794 1156 1853 Deo
1185 1810 1259 1852 ex
1287 1791 1471 1852 nihilo
1500 1809 1627 1852 esse
1659 1795 1980 1868 productas
2004 1840 2012 1852 .
2040 1840 2052 1852 .
2080 1844 2108 1864 .‚

131 1888 205 1943 A.
254 1886 352 1944 S.»
401 1879 612 1958 (Cone.
656 1883 883 1954 Vade„
941 1882 1019 1942 de
1071 1884 1208 1942 Deo
1264 1901 1376 1942 rer.
1422 1900 1582 1940 omn.
1627 1896 1807 1940 creat.
1855 1904 1984 1940 can.
2032 1880 2108 1960 5).

253 1973 469 2048 Neque
523 1983 724 2031 tamen
778 1972 931 2031 haec
984 1981 1074 2030 est
1127 1969 1394 2030 omnium
1449 1971 1939 2048 philosophorum
1984 1990 2108 2032 Sen-

129 2063 351 2133 tentia,
408 2063 456 2120 si
512 2060 755 2136 quidem
785 2062 1027 2120 <multae
1083 2061 1161 2120 ad
1204 2070 1398 2120 ortum
1438 2060 1643 2118 mundi
1687 2060 2104 2136 explicandum

131 2153 506 2227 excogitatae
536 2159 669 2210 sunt
696 2151 1071 2226 hypotheses,
1131 2150 1305 2224 Quae
1335 2168 1562 2221 omnes,
1602 2164 1663 2208 ut
1711 2152 2104 2208 idealistaruin

130 2241 475 2300 omittamus
512 2240 913 2316 evolutionem
938 2240 1200 2314 logicam
1229 2242 1264 2311 ¹,
1295 2239 1373 2297 ad
1402 2251 1520 2298 tres
1547 2240 1871 2314 generatim
1907 2240 2108 2296 reduci

129 2339 399 2407 possunt.
485 2330 634 2387 Sunt
673 2339 901 2388 autem:

262 2433 310 2478 1.
358 2419 624 2494 Systema
650 2418 1113 2494 panthezktarum
1153 2416 1417 2489 realium,
1464 2417 1565 2492 qui
1602 2420 1887 2476 mundum
1919 2428 2108 2476 ortum

127 2527 260 2568 esse
317 2518 572 2583 negant,
629 2507 924 2582 istumque
970 2507 1176 2566 dicunt
1218 2525 1346 2566 esse
1388 2524 1496 2565 ens
1538 2525 1575 2564 a
1615 2524 1675 2564 se
1723 2520 1775 2564 et
1819 2508 2108 2564 infinitum

128 2599 256 2657 sive
298 2599 499 2677 Deum
540 2614 669 2655 sese
712 2597 1106 2655 evolventem.

257 2707 308 2745 2.
356 2685 723 2762 Hypothesis
764 2686 1270 2743 materialistarum
1284 2729 1302 2753 ‚
1358 2683 1460 2759 qui
1501 2702 1707 2744 omnes
1755 2684 1811 2740 in
1855 2704 1927 2744 en
1976 2704 2112 2740 cnu-

126 2775 395 2847 veniunt‚
426 2774 590 2850 quod
620 2783 856 2850 praeter
883 2774 1192 2833 materiam
1220 2773 1366 2832 nihil
1395 2791 1525 2832 esse
1553 2773 1787 2832 dicunt:
1823 2772 2108 2832 mundum

125 2865 391 2942 proinde
419 2864 495 2922 ab
538 2874 676 2923 ente
718 2884 753 2922 a
782 2863 1031 2923 materia
1058 2863 1337 2923 distincto
1380 2873 1573 2921 ortum
1611 2864 1831 2920 ducere
1863 2864 2112 2920 ῡιῃηέῃι]

238 3073 275 3112 ⁷¹
315 3075 436 3124 Non
474 3083 551 3124 est
588 3090 677 3124 cur
714 3075 766 3123 in
804 3075 1058 3124 sententia
1104 3075 1445 3125 idealistarum
1497 3084 1691 3140 tempus
1743 3076 1823 3124 hic
1875 3084 2108 3124 teramus.

129 3156 322 3204 Eorum
360 3155 495 3204 enim
532 3150 785 3219 principia
820 3148 1133 3220 perabsurda
1170 3171 1294 3216 esse,
1335 3155 1433 3202 iam
1472 3171 1533 3203 ex
1566 3155 1627 3202 iis
1655 3156 1851 3212 scimus,
1891 3168 2020 3216 *quae
2056 3156 2104 3200 in

129 3236 305 3300 logica·
340 3230 412 3301 (p
427 3225 575 3296 ''t-1417
590 3232 691 3299 sq.)
733 3233 1111 3285 declaravimus.
1164 3236 1246 3283 De
1284 3234 1602 3299 pantheismo
1647 3252 1763 3280 vern
1803 3232 1947 3280 ideali
1992 3236 2108 3280 ulm-

129 3317 235 3365 rius
273 3316 501 3364 dicemus
539 3317 591 3363 in
630 3314 891 3380 theologia
928 3316 1155 3366 naturali.
