2350 3700
299 166 339 204 Du
358 167 554 205 TuRmnoRuu
574 168 801 207 Phkumonluus,
1009 170 1043 221 29

51 314 151 372 ficatis
172 314 295 373 dicitur:
324 335 429 374 sanum
449 334 475 374 e.
497 335 543 391 g.,
575 315 657 392 quod
678 317 784 375 dicitur
805 318 844 375 de
866 334 993 391 corpore
1015 326 1045 375 et

52 404 94 461 de
116 403 279 476 medicina,
300 404 442 463 terminus
463 416 509 463 est
528 406 681 481 analogus.

116 495 140 551 Ι.
171 493 303 566 Quando
324 493 431 552 eadem
451 513 510 552 vox
530 494 570 552 ad
590 496 675 570 plura
695 514 758 553 non
786 494 909 553 omnino
938 493 1044 553 eadem

52 580 253 657 significanda
267 582 425 641 adhibetur
438 593 561 659 propter
574 583 727 658 quandam
736 583 958 643 similitudinem
968 582 1045 641 inter

51 671 122 748 ipsa
141 671 306 747 vigentem,
329 673 466 747 analogia
486 671 594 731 dieitur
614 672 752 749 analogia
766 674 981 750 proportionis:
1002 672 1045 731 sic

53 761 157 820 ridere
177 760 286 819 dicitur
306 761 345 819 de
366 771 452 836 prato
472 780 528 837 per
548 762 700 837 quandam
725 762 894 839 analogiam
921 779 1045 839 propor-

52 850 146 910 tionis
167 850 208 909 ad
228 850 319 908 risum
340 849 477 909 hominis.

116 942 155 999 Π.
176 940 312 1013 Quando
332 950 431 999 autem
451 940 526 999 haec
541 941 649 1000 eadem
663 960 722 999 vox
736 951 901 1017 usurpatur,
923 942 992 1016 quia
1006 940 1045 999 ad

54 1028 136 1088 idem
151 1029 329 1088 relationem
342 1030 442 1100 habet,
460 1030 515 1089 etsi
529 1030 648 1089 diverso
662 1031 763 1102 modo,
785 1031 924 1106 analogia
938 1030 1045 1089 dicitur

53 1120 268 1177 attrr'butz'onzi:
289 1118 331 1177 sie
352 1119 502 1177 medicina
523 1119 631 1178 dicitur
644 1137 717 1178 sana
731 1130 855 1195 propter
868 1118 1045 1177 relationem

55 1209 253 1279 causalitatis‚
275 1226 365 1283 quam
386 1208 478 1267 habet
498 1225 567 1267 cum
587 1208 713 1267 sanitate
733 1208 878 1283 hominis3
899 1208 941 1267 sic
956 1207 1045 1267 etiam

53 1296 120 1355 dira
142 1296 253 1355 dicitur
280 1297 391 1372 cuspis,
422 1315 499 1372 quae
527 1296 638 1355 diritati
664 1297 815 1356 inservivit
836 1296 1044 1356 Iudaeomm¹.

114 1385 255 1444 Termini
287 1386 408 1461 analogi
443 1387 572 1462 proinde
600 1386 750 1463 duplicem
780 1386 892 1445 habere
922 1396 1046 1462 possunt

51 1491 193 1535 sensum:
209 1494 329 1535 sensum
342 1476 495 1551 proprium
510 1486 539 1534 et
553 1494 671 1535 sensum
686 1476 881 1552 improprium
895 1476 942 1533 vel
955 1484 1046 1533 meta·

52 1565 226 1641 phoricum.

117 1656 231 1714 Sensus
251 1655 391 1731 proprius
416 1655 466 1713 ille
493 1665 553 1725 est,
584 1673 674 1730 quem
702 1655 845 1713 terminus
871 1654 963 1712 habet
983 1655 1047 1731 pri·

52 1746 151 1802 mario
180 1762 217 1803 ex
245 1744 399 1801 hominurn
427 1744 573 1804 instituto:
605 1745 648 1803 sic
677 1744 775 1802 ridere
806 1762 894 1802 sensu
923 1743 1046 1819 proprio

52 1833 168 1893 dicitur
188 1833 227 1892 de
247 1833 379 1892 homine.

118 1925 231 1982 Sensus
250 1925 422 2000 improprius
440 1923 489 1982 vel
509 1923 713 2000 metaphorrous
733 1923 782 1982 ille
804 1933 856 1994 est,
879 1941 970 1998 quem
991 1933 1046 1980 ter-

51 2014 158 2071 minus
177 2013 269 2071 habet
295 2011 472 2071 secundario
500 2024 623 2089 propter
651 2011 872 2071 similitudinem
899 2012 947 2070 vel
974 2012 1047 2070 rela-

52 2103 183 2173 tionem,
205 2121 295 2177 quam
316 2120 364 2160 res
384 2102 548 2176 significata
568 2103 660 2160 habet
681 2120 749 2160 cum
763 2101 828 2173 alia,
851 2102 890 2159 de
905 2119 965 2176 qua
980 2118 1046 2176 pro·

52 2193 124 2268 prie
145 2191 270 2250 dicitur:
298 2191 341 2250 sic
363 2191 568 2267 metaphorice
590 2185 689 2266 (sensu
710 2186 926 2266 metaphorico)
949 2189 1046 2248 ridere

53 2281 168 2340 dicitur
188 2281 227 2339 de
248 2291 343 2357 prat0,
364 2281 462 2340 dirum
482 2299 555 2352 esse,
578 2280 617 2340 de
639 2281 770 2355 cuspide.

121 2448 141 2515 ᾖ
160 2463 184 2500 2.
213 2451 376 2501 Secundum
396 2451 682 2514 comprehensionem
701 2451 781 2499 ideae
800 2449 982 2513 significatae.

119 2565 315 2624 Dividuntur:

120 2665 143 2722 I.
165 2663 197 2721 in
218 2664 360 2739 positivos
381 2674 410 2722 et
430 2663 595 2738 negativos.

120 2762 278 2821 Terminus
298 2763 439 2838 posittous
465 2761 514 2820 ille
542 2772 602 2833 est,
632 2761 683 2837 qui
710 2779 769 2818 rem
796 2756 1046 2836 (affirmationem)

58 2851 222 2928 significat:
242 2851 344 2922 hom0,
367 2851 486 2922 animal,
509 2851 642 2909 seientia.

119 2940 278 3000 Terminus
306 2941 452 3014 negativus
478 2939 528 2998 ille
556 2949 616 3011 est,
645 2938 696 3014 qui
724 2939 898 3013 negationem
922 2938 970 2996 vel
991 2937 1048 3014 pri·

59 3032 211 3090 vationem
231 3028 354 3088 alicuius
374 3029 417 3088 rei
438 3027 599 3104 significat:
622 3027 790 3102 ignorantia
811 3045 836 3085 e.
858 3046 886 3102 g.

120 3118 295 3178 Notandum
315 3119 474 3176 terminum
494 3117 665 3190 negativum
686 3135 749 3174 non
769 3117 940 3174 necessario
960 3133 1047 3190 nega·

60 3212 174 3267 tionem
194 3208 265 3264 entis
285 3206 333 3264 vel
347 3205 534 3280 perfectionis
554 3204 736 3276 significare,
766 3203 819 3259 sed
840 3201 983 3275 imprimis
1005 3221 1047 3256 ne-

124 3367 131 3396 ¹
152 3368 181 3414 ln
200 3365 295 3430 Hymn.
316 3363 349 3411 ad
367 3371 454 3410 matut.
474 3360 517 3407 off.
538 3359 582 3406 SS.
603 3357 693 3404 Cordis
711 3357 744 3402 D.
764 3353 798 3401 N.
817 3354 837 3400 1.
859 3354 918 3399 Chr.
