2350 3700
272 159 310 194 DE
329 159 426 196 vanus
447 159 579 196 IDEARUM
600 159 829 198 PARTITIONIBUS.
1008 161 1039 213 19

106 307 146 363 II.
170 306 245 364 Idea
267 307 407 382 explicita
428 307 567 366 dividitur
588 307 620 365 in
641 309 761 380 claram,
783 308 968 380 distinctam,
990 311 1040 368 ad·

38 405 217 468 aequatam,
241 396 528 471 comprehensivam.

109 483 205 542 Clara
226 495 271 543 est
292 484 376 558 idea,
406 504 482 560 quae
503 496 547 543 tot
566 496 654 544 notas
675 487 810 558 exhibet,
842 499 915 562 quot
944 487 1040 563 requi·

39 583 167 643 runtur,
196 584 228 632 ut
256 574 293 631 ab
319 575 381 631 alia
405 575 468 632 idea
496 575 634 648 distingui
652 575 753 651 possit.
791 577 898 644 Secus,
926 577 944 634 i.
967 594 993 636 e.
1014 577 1039 636 si

39 664 81 720 ab
106 661 168 720 alia
189 663 331 738 distingui
351 682 414 722 non
436 674 541 739 potest,
563 666 681 722 obscura
702 677 754 724 est.

108 753 185 811 Idea
215 754 296 810 clara
326 753 433 811 dicitur
462 754 609 823 distructa,
640 755 762 829 quando
791 763 898 826 notae,
933 755 1040 830 quibus

40 851 167 900 constat
189 842 266 914 idea,
289 842 332 900 sic
354 843 538 914 exhibentur,
562 854 595 901 ut
615 861 700 902 mens
720 845 795 901 alias
815 851 898 902 notas
917 846 954 902 ab
975 846 1041 903 aliis

40 931 222 1004 distinguere
243 943 273 990 et
294 931 423 1007 proinde
443 951 495 990 eas
516 950 693 991 enumerare
719 933 828 1009 possit:
857 935 900 992 sic
928 935 1039 992 claram

40 1019 148 1078 ideam
178 1020 308 1080 hominis
335 1021 441 1096 aliquis
468 1022 580 1080 hahere
608 1032 721 1098 potest,
751 1022 791 1080 ita
817 1033 849 1081 ut
876 1023 972 1098 ipsum
1000 1025 1040 1082 ab

41 1109 171 1167 animali
186 1111 275 1169 bruto
289 1110 458 1185 distinguat,
474 1111 546 1185 quin
561 1121 661 1170 tamen
677 1111 808 1170 diversas
821 1121 917 1184 notae,
933 1111 1040 1187 quibus

41 1199 83 1256 ab
107 1199 232 1257 animali
253 1201 345 1258 homo
366 1199 473 1271 differt,
497 1200 568 1258 alias
589 1202 628 1258 ab
649 1200 713 1259 aliis
730 1200 912 1276 distinguere
927 1213 957 1260 et
971 1220 1040 1260 enu-

41 1307 166 1346 merare
189 1289 290 1364 possit.
333 1289 406 1347 Idea
425 1306 488 1346 non
510 1289 648 1348 distincta
668 1289 776 1349 dicitur
796 1290 925 1364 confusa.

108 1378 230 1452 Quodsi
251 1397 356 1436 omnes
376 1389 465 1436 notae
480 1378 523 1437 sic
538 1378 677 1454 distingui
691 1388 721 1438 et
735 1380 902 1438 enumerari
916 1391 1040 1454 possunt

40 1485 142 1541 usque
165 1467 206 1524 ad
226 1467 358 1538 ultimaS,
387 1467 455 1527 idea
474 1467 582 1526 dicitur
603 1468 781 1542 adaequata,
808 1468 856 1527 cui
877 1469 1040 1544 opponitur

42 1556 120 1614 idea
141 1557 345 1631 inadaequuta.

108 1645 186 1703 Idea
207 1645 338 1721 denique
357 1645 525 1720 adaequata
539 1645 646 1704 dicitur
660 1646 894 1722 comprehensiva,
916 1647 1039 1722 quando

39 1742 137 1791 totam
159 1735 257 1792 obiecti
274 1735 531 1808 intelligibilitatem
552 1738 595 1792 ita
615 1736 765 1804 exhaurit,
794 1747 826 1794 ut
850 1754 955 1794 omnes
976 1737 1039 1795 eius

39 1823 246 1900 perfectionis
265 1823 374 1899 gradus
395 1842 560 1900 omnesque
580 1825 741 1885 relationes
762 1827 891 1885 actuales
906 1836 936 1885 et
949 1825 1040 1902 possi·

36 1914 123 1973 biles
153 1915 235 1971 clara
264 1914 501 1973 manifestatione
530 1924 743 1990 repraesentet.
793 1915 892 1988 Quam
922 1933 1039 1990 reprae-

37 2003 251 2063 sentationem
270 2020 332 2061 non
353 2003 410 2062 nisi
430 2005 461 2062 in
481 2004 635 2063 intellectu
655 2004 770 2063 infinito
790 2023 856 2063 esse
875 2023 963 2081 posse
992 2023 1039 2063 res

37 2104 87 2151 est
118 2092 286 2151 manifesta.
329 2094 402 2151 ldea
431 2094 600 2168 adaequata
628 2111 691 2151 non
721 2093 968 2169 comprehensiva
998 2093 1039 2151 di·

37 2184 123 2241 citur
145 2182 355 2258 apprehensura
370 2185 386 2241 ¹.

293 2348 310 2415 ξ
330 2363 353 2413 3.
383 2352 503 2401 Ratione
524 2353 797 2415 comprehensionis.

105 2468 171 2525 Sub
194 2477 331 2541 respectu
352 2467 627 2543 comprehensionis
648 2468 735 2526 ideae
756 2467 941 2525 dividuntur:

107 2559 131 2614 Ι.
154 2556 188 2613 in
210 2558 380 2631 complexas
401 2567 431 2614 et
451 2556 664 2631 incomplexus.

110 2645 269 2720 Complexo
296 2662 333 2703 ea
360 2656 404 2703 est
431 2645 516 2717 idea,
547 2664 625 2720 quae
653 2646 753 2720 plures
780 2646 922 2703 essentias
947 2642 1038 2700 mani·

38 2737 143 2806 festat,
168 2732 186 2791 i.
204 2752 230 2792 e.
253 2733 410 2792 essentiam
431 2734 561 2809 aliquam
583 2745 614 2793 et
634 2734 747 2809 aliquid
767 2733 848 2791 aliud
868 2734 925 2809 ipsi
940 2750 1039 2807 super·

37 2824 200 2883 additum:
224 2822 389 2882 cuiusmodi
410 2833 455 2883 est
475 2823 544 2882 idea
557 2824 687 2882 hominis
702 2823 783 2882 docti
797 2824 844 2881 vel
858 2821 1037 2897 philosophi.

106 2912 292 2988 Incomplexu
322 2923 367 2971 est
397 2912 480 2984 idea,
513 2931 571 2988 qua
598 2913 687 2971 unica
715 2913 842 2971 essentia
868 2928 1039 2986 repraesen-

38 3014 132 3075 tatur,
157 3000 292 3076 quamvis
314 3002 378 3077 ipsa
399 3002 523 3060 fortasse
545 3001 575 3058 in
594 3003 694 3076 plures
708 3010 794 3059 notas
808 3000 915 3059 resolvi
930 2999 1037 3074 possit:

38 3093 112 3151 talis
134 3102 182 3149 est
202 3091 271 3148 idea
291 3090 436 3161 hominis,
461 3090 530 3149 idea
551 3090 627 3149 entis
648 3100 705 3148 etc.
742 3091 848 3149 Omnis
869 3090 938 3148 idea
959 3105 1038 3145 com·

110 3268 118 3299 ¹
139 3269 181 3318 cf.
197 3268 328 3327 Gutberlet,
348 3267 435 3332 Logik
453 3284 478 3331 p.
493 3280 518 3329 9.
535 3280 575 3316 ro.
607 3266 724 3325 Lehmen,
744 3265 881 3313 Lehrbuch
900 3264 945 3309 der
958 3259 1039 3307 Philo-

40 3350 139 3415 sophie
159 3350 180 3408 I,
203 3360 245 3409 29.
267 3360 308 3411 30.
842 3425 879 3471 2.
