2350 3700
160 151 212 187 210
464 152 503 189 DE
522 152 585 189 Insa
604 152 730 189 RATIONE
749 151 841 189 EN'I'IS.

159 299 190 357 in
212 313 282 374 quo,
304 317 512 374 quaecumque
534 298 676 358 exsistunt
696 309 726 358 et
747 300 887 358 exsistere
907 310 1047 375 possunt,
1079 317 1151 357 con-

157 388 280 447 veniunt
294 399 324 446 et
338 388 544 447 assimilantur.
579 389 646 445 Hoc
662 396 754 446 autem
775 388 889 463 aliquid
905 388 947 445 od
957 390 1152 446 exsistendum

157 478 329 546 ordinatum,
357 486 478 535 maxime
497 486 749 545 indeterminatum,
769 478 1016 553 simplicissimum,
1040 479 1072 535 in
1092 498 1153 552 quo

157 568 252 623 omnio
272 567 440 624 conueniunt
458 573 486 622 et
503 567 717 636 assimilantur,
746 566 851 635 estid,
879 566 957 641 quod
973 568 1155 642 exprimitur

153 664 209 730 per
228 662 384 729 conceptum
405 664 487 713 entis

216 746 253 801 II.
276 744 458 801 Efformatur
472 743 600 818 proinde
614 744 690 801 haec
705 742 774 800 idea
788 743 989 801 abstractione
1012 744 1153 818 quadam

157 832 279 907 speciali
289 835 307 891 ¹.
349 833 420 889 Non
441 831 521 890 enim
543 831 690 905 colligitur
711 850 763 902 eo,
788 832 909 905 quoda
929 832 1054 891 diversis
1076 850 1154 891 con-

157 920 292 997 ceptibus
313 921 467 979 obiectivis
477 922 496 990 '‚
519 921 626 995 quibus
640 939 687 979 res
701 920 916 979 determinatae
931 921 1152 995 exprimuntur,

156 1011 274 1069 realitas
288 1010 436 1085 quaedam
450 1017 637 1078 remoueatur,
659 1027 736 1083 quae
751 1010 782 1066 in
796 1010 919 1068 notione
935 1010 1010 1068 entis
1024 1030 1082 1067 uon
1105 1014 1152 1068 in-

156 1100 296 1169 cludatur,
318 1099 392 1157 sicut
412 1101 444 1157 fit
458 1099 580 1175 quando
601 1097 755 1156 anotione
777 1098 906 1157 hominis
925 1100 972 1157 vel
990 1099 1153 1158 «animalis

156 1189 324 1247 rationalis»
342 1207 406 1263 eg.
422 1188 569 1247 rationem
584 1187 780 1246 abstrahimus
795 1187 1006 1247 rationalitatis
1036 1190 1151 1246 Huius·

157 1276 240 1335 modi
262 1278 342 1335 enim
363 1277 523 1334 abstractio
545 1276 575 1333 in
598 1276 806 1334 efformatione
829 1276 959 1335 notionis
981 1276 1058 1335 entis
1078 1278 1149 1335 fieri

157 1384 218 1423 non
239 1376 352 1440 potest,
375 1365 445 1440 quia
466 1382 571 1423 omnes
592 1365 856 1423 determinationes
878 1364 1022 1441 speciales
1044 1383 1149 1423 rerum

156 1454 187 1512 in
208 1454 277 1513 idea
297 1454 373 1513 entis
393 1472 498 1512 revera
518 1454 716 1512 includuntur.
752 1455 933 1512 Efformatur
947 1463 1046 1511 autem
1067 1454 1151 1513 haec

156 1543 239 1602 notio
260 1562 306 1614 eo,
329 1544 411 1618 quod
426 1542 501 1600 ratio
517 1553 665 1618 conceptu
681 1542 756 1601 entis
771 1543 958 1601 manifestata
965 1546 1153 1619 praescindit

155 1632 324 1690 solummodo
343 1633 380 1688 ob
401 1656 533 1703 expressa
553 1634 723 1707 conceptione
737 1633 854 1689 illorum
867 1632 1148 1702 determinationum,

157 1739 233 1795 quae
254 1721 384 1795 implicite
398 1720 588 1778 continentur
603 1719 634 1777 in
648 1720 772 1778 notione
788 1720 872 1778 entis
902 1722 989 1779 Haec
1003 1721 1150 1795 specialis

156 1810 331 1882 abstractio,
368 1828 445 1884 quae
475 1811 507 1868 tit
536 1820 651 1868 tantum
679 1810 842 1868 secundum
872 1809 994 1868 modum
1026 1828 1162 1886 reprae:

156 1899 346 1971 sentationis,
377 1918 468 1956 unum
490 1899 628 1974 explicite
650 1910 679 1957 et
700 1900 779 1957 clare
803 1898 1034 1968 manifestantis
1065 1901 1152 1959 aliud

155 2007 244 2060 vero,
266 1987 408 2063 implicite
429 1988 618 2046 solummodo
639 1989 687 2047 vel
708 1988 848 2059 confuse,
879 1987 985 2045 dicitur
999 1993 1160 2071 praecisio,

155 2079 303 2136 subiectum
325 2072 381 2152 (vel
403 2072 561 2150 formalis),
591 2087 623 2134 ut
643 2076 838 2152 distinguatur
865 2096 883 2134 a
904 2078 1088 2151 praecisione
1110 2081 1159 2153 ol,

155 2168 271 2234 iecteoa,
293 2184 370 2240 quae
392 2175 437 2224 est
457 2166 617 2223 abstractio
638 2165 718 2236 talis,
743 2176 775 2223 ut
795 2165 927 2240 cognitio
948 2184 1043 2223 unum
1067 2168 1158 2235 dum-r

155 2266 234 2313 taxat
248 2255 417 2313 attributum
432 2254 565 2328 attingat,
584 2254 706 2329 reliquis
721 2254 894 2329 simpliciter
910 2254 1027 2313 omissis
1045 2274 1157 2331 nequer

155 2345 216 2401 ullo
237 2344 338 2414 modo,
360 2362 418 2401 nec
438 2343 582 2417 implicite
604 2362 661 2402 nec
683 2343 815 2414 confuse,
838 2341 966 2418 cognitis
976 2344 995 2401 ⁸.
1041 2395 1043 2400 .
1155 2367 1156 2397 l

1154 2449 1155 2480 l

404 2509 422 2575 ᾖ
442 2525 465 2560 2.
498 2514 541 2561 De
560 2512 676 2560 notione
696 2512 770 2561 entis
788 2512 898 2561 reflexa.

216 2631 307 2688 Notio
321 2629 405 2701 entis,
428 2629 615 2705 praecisione
630 2631 686 2687 hac
701 2629 863 2687 subiectiva
878 2630 965 2700 sacta,
987 2629 1066 2688 illud
1086 2631 1152 2724 «ali-p

156 2719 228 2794 quid
249 2719 280 2776 in
302 2718 408 2777 ordine
429 2719 468 2776 ad
484 2718 701 2777 exsistendum»
719 2718 778 2776 iam
793 2718 961 2776 manifestat
975 2729 1008 2775 ut
1022 2719 1138 2795 aliquid

154 2809 232 2884 quod
249 2807 386 2866 omnibus
407 2809 494 2865 rebus
516 2807 664 2878 convenit,
687 2817 788 2882 utpote
810 2827 828 2864 a
846 2806 1117 2866 determinationib

155 2896 333 2971 specialibus
354 2897 552 2955 abstractum:
575 2906 619 2954 est
641 2895 721 2953 enirn
742 2895 907 2954 universale
928 2895 1092 2955 directum.

218 3085 226 3114 ¹
245 3085 342 3132 Recole
354 3103 418 3149 quae
431 3088 463 3134 de
476 3089 645 3138 abstractione
659 3089 800 3152 generatim
814 3091 862 3137 iam
879 3089 1070 3140 declaravimus
1084 3093 1120 3140 ins

157 3161 295 3208 tutionibus
313 3163 462 3225 logicalibus
481 3183 507 3228 p.
531 3180 569 3226 14.
593 3179 633 3230 15.

218 3235 229 3266 ²
246 3239 328 3286 Huius
348 3243 444 3289 termini
462 3259 561 3291 sensum
580 3247 664 3294 recole
684 3263 714 3296 ex
733 3247 807 3297 dictis
827 3248 922 3298 ibidem
940 3266 965 3313 p.
989 3261 1031 3311 17.

219 3312 229 3340 ³
248 3315 288 3360 De
307 3315 346 3361 his
364 3319 467 3366 diversis
486 3323 649 3371 abstrahendi
663 3327 745 3374 modis
758 3329 788 3375 cf.
803 3329 886 3388 Pacu,
907 3329 968 3378 Inst.
983 3330 1038 3394 log.
1054 3334 1075 3392 l,
1093 3345 1116 3380 11

34 3470 107 3550 Ι
