2350 3700
127 132 180 195 33⁶
406 142 445 178 mr
463 139 652 187 Qunurrrarn
670 140 830 177 consonus.

126 298 184 349 tate
204 291 257 349 illa
276 310 296 348 a
315 298 406 350 mente
424 290 553 347 hnmana
571 289 779 365 impendente,
802 306 861 363 qua
882 289 920 358 fit,
942 296 973 345 ut
994 294 1102 361 praeter

127 381 203 439 haec
231 397 309 455 quae
332 379 425 437 modo
453 390 521 438 sunt
541 379 650 455 spatia,
681 376 911 435 innumerabilia
930 376 986 433 alia
1006 393 1025 433 a
1043 374 1107 431 Deo

126 468 224 528 creari
243 468 358 545 possint
379 486 433 544 per
454 487 563 527 novam
592 478 623 527 et
649 466 834 525 indefinitam
862 483 1020 541 corporum
1047 479 1109 537 pro
1149 462 1156 485 ⁹

127 558 301 617 ductionem
316 560 332 618 ¹.

509 665 675 712 Anarcurus
695 676 735 712 111.

128 780 178 829 DE
196 780 392 829 CORPORUM
411 778 631 828 PRAESENTIA
650 778 688 825 IN
708 777 832 827 SPATIO
856 776 926 825 VEL
948 776 985 823 IN
1009 773 1114 823 LOCO.
1162 825 1163 828 ,

427 900 445 968 ἐ
467 917 488 953 1.
522 905 565 952 De
583 903 731 953 accidente
750 902 815 953 Ubi.

189 1030 285 1079 Notio.
324 1022 371 1078 Eo
392 1021 459 1096 ipso
480 1021 564 1095 quod
584 1038 632 1078 res
654 1036 818 1094 corporeae
835 1018 921 1075 simul
936 1015 1120 1075 coexsistunt

127 1110 177 1181 ita,
199 1120 231 1167 ut
251 1109 325 1167 alius
341 1110 490 1184 quantitas
504 1109 670 1167 dimensiva
684 1117 939 1166 commensuretur
954 1104 1120 1181 quantitate

128 1200 210 1271 alius,
232 1199 264 1257 in
285 1198 356 1275 ipsis
377 1198 468 1256 oritur
489 1199 631 1257 accidens
652 1197 814 1273 quoddam,
837 1196 920 1271 quod
941 1196 1047 1253 dicitur
1061 1194 1118 1250 ubi.

128 1288 275 1348 Definitur
296 1299 410 1346 autem:
438 1289 563 1346 academ
588 1289 730 1345 resultans
756 1288 788 1343 in
807 1287 892 1345 rebus
911 1302 947 1341 cx
966 1302 1011 1355 ca,
1041 1282 1125 1358 quad
1166 1329 1167 1339 ,

127 1379 268 1435 exsistunt
286 1380 318 1435 in
337 1378 395 1435 loca
414 1376 462 1435 vel
479 1378 511 1434 in
530 1378 621 1452 spatia
642 1384 670 1435 rt
688 1394 718 1433 ea
739 1381 1008 1433 commemorantur.

188 1493 316 1555 Speciea
341 1485 415 1541 Esse
429 1492 529 1541 autern
543 1482 575 1540 in
588 1484 667 1554 loco,
683 1480 849 1557 generatim
863 1479 1022 1557 dupliciter
1035 1477 1122 1535 intel·
1166 1479 1167 1543 1

128 1572 188 1647 legi
210 1582 323 1647 potest:
1166 1644 1167 1651 ἵ

193 1682 218 1719 1.
247 1661 490 1737 Circnmsmptiaa
509 1662 558 1719 vel
579 1660 714 1719 localiter
733 1660 780 1718 vel
795 1661 916 1735 proprie
936 1657 1052 1734 aliquid
1078 1664 1123 1712 est

129 1749 161 1807 in
181 1750 259 1821 loco,
284 1749 405 1825 quando
426 1760 471 1808 est
491 1750 522 1807 in
537 1750 602 1825 ipso
617 1750 781 1808 secundum
795 1747 1121 1807 commensurationem
1166 1809 1167 1813 ,

129 1839 269 1916 propriae
289 1841 458 1916 quantitatis
477 1840 661 1910 dimensium,
693 1838 710 1898 i.
733 1857 759 1897 e.
782 1857 850 1897 cum
877 1836 1055 1896 extensione
1077 1853 1122 1894 ex·
1166 1824 1167 1846 ¹

130 1937 216 1986 tema
236 1929 291 1997 ita,
313 1939 344 1986 ut
365 1930 423 1986 alia
443 1947 513 2005 pars
533 1929 596 1987 eius
618 1927 704 1986 sitin
726 1928 784 1987 alia
803 1937 888 2002 parte
909 1925 988 1997 loci,
1011 1925 1071 1984 alia
1092 1924 1120 1980 in

130 2019 203 2087 alia,
232 2028 263 2075 et
283 2028 377 2076 totum
397 2017 429 2077 in
449 2027 521 2088 toto,
542 2019 624 2076 unde
645 2037 664 2076 a
684 2019 752 2075 loco
773 2025 975 2087 mensuretur,
998 2016 1121 2072 circum·

131 2106 290 2177 scribatur,
319 2107 514 2165 contineatur.
557 2107 607 2165 Sic
635 2105 736 2165 omnia
763 2123 892 2181 corpora
918 2105 1001 2163 iuxta
1023 2105 1121 2178 legem

130 2204 254 2253 naturae
281 2206 348 2253 sunt
375 2197 406 2253 in
433 2197 510 2254 loco.
559 2196 710 2254 Accidens
737 2213 809 2254 vero
836 2194 880 2252 rei
907 2193 1122 2269 superveniens

130 2283 246 2342 ratione
276 2284 445 2343 huiusmodi
474 2285 593 2345 essendi
622 2286 653 2342 iu
683 2287 752 2343 loco
786 2283 893 2343 dicitur
927 2284 977 2340 nbi
1010 2285 1122 2340 circum·

130 2375 301 2448 scriptivnm.
1166 2433 1167 2436 ,

194 2483 219 2520 2.
246 2463 404 2538 Definitrac
424 2464 471 2521 vel
492 2465 646 2539 improprie
666 2471 710 2522 est
731 2463 761 2520 in
783 2463 850 2520 loco
871 2461 918 2531 id,
945 2460 1031 2535 quod
1053 2461 1124 2516 loco

131 2569 274 2627 praesens
294 2563 339 2610 est
359 2553 524 2611 secundum
544 2554 730 2627 quantitatem
749 2553 864 2610 virtutis
876 2551 895 2619 ²,
924 2549 966 2607 ita
993 2559 1027 2607 ut
1055 2550 1124 2606 loco

131 2660 194 2698 non
222 2641 496 2713 circumscribatur,
526 2643 579 2700 sed
608 2643 735 2700 essentia
755 2642 803 2699 vel
822 2640 928 2698 virtute
950 2655 1004 2697 sua
1025 2639 1125 2714 ipsum

132 2729 265 2804 attingat,
287 2742 324 2802 et,
341 2749 408 2789 cum
422 2749 485 2789 non
499 2731 609 2789 habeat
622 2739 730 2806 partes,
752 2730 915 2788 secundum
929 2738 1025 2786 totam
1040 2746 1124 2786 suam
1166 2717 1167 2728 ¹

132 2819 290 2876 essentiam
318 2819 354 2877 sit
382 2830 444 2878 tota
471 2819 501 2877 in
529 2818 652 2894 singulis
678 2819 738 2877 loci
759 2819 908 2894 partibus3
937 2816 981 2875 sic
1003 2816 1122 2892 spiritus

132 2908 251 2965 suntin
271 2909 348 2979 loco,
370 2908 413 2966 sic
434 2910 464 2966 in
486 2908 587 2984 specie
609 2908 708 2966 anima
728 2909 858 2966 humana
878 2917 923 2966 est
936 2905 967 2963 in
982 2923 1120 2982 corpore.

133 2996 285 3054 Accidens
320 2996 362 3054 rei
397 3008 515 3056 creatae
549 2997 762 3072 superveniens
797 2995 912 3054 ratione
951 2994 1122 3053 huiusmodi

65 3099 69 3103 ’
133 3084 251 3140 essendi
271 3084 303 3140 in
323 3085 391 3142 loco
412 3085 519 3144 dicitur
539 3088 588 3143 nbi
606 3086 789 3160 definitivam.

1164 1979 1167 2016 l

195 3233 203 3262 ¹
223 3238 263 3283 Cf.
282 3239 369 3298 Lepidi
386 3241 402 3286 l.
422 3257 444 3288 c.
464 3242 509 3299 III,
531 3243 588 3290 106.
1166 3215 1167 3300 i

192 3308 203 3337 ²
222 3312 291 3369 Quid
310 3314 342 3360 sit
360 3319 486 3376 quantitas
504 3320 610 3380 virtutis,
631 3325 713 3384 supra'
725 3341 751 3386 p.
772 3337 823 3386 329
844 3325 1001 3379 declaratum
1020 3335 1065 3374 est.
1157 3319 1167 3340 *¹
