2350 3700
307 129 345 164 DE
364 128 539 165 NECESSARIO
558 131 594 166 ET
614 129 756 166 INFINITO.
973 131 1024 182 239

99 274 159 331 Sed
172 275 249 332 haec
259 274 360 332 omnia
369 277 475 334 altiora
487 286 562 348 sunt,
578 295 668 352 quam
683 287 714 334 ut
727 276 881 352 proposita
891 277 1025 351 quaestio

43 362 278 438 aphilosophiae
299 364 444 423 tironibus
464 364 513 423 hic
534 367 608 424 solvi
624 367 724 441 possit.
757 367 910 441 Optimam
925 375 1025 426 tamen

42 451 285 525 disputationibus
306 453 490 512 scholasticis
510 456 636 530 praebet
656 455 819 513 materiam.

98 539 185 612 Quae
207 560 275 598 cum
296 542 337 598 ita
357 543 422 615 sint,
444 544 521 601 haec
541 543 785 602 animadvertisse
806 543 875 602 satis
896 543 965 602 erit:

100 650 125 687 1.
153 631 291 704 Utraque
318 631 464 689 sententia
491 650 528 690 ex
555 633 712 691 doctorum
740 632 914 691 auctoritate
942 652 1024 691 suam

39 719 127 776 habet
147 719 404 794 probabilitatem,
434 720 581 796 utrimque
606 721 685 781 enim
706 722 799 781 habes
821 721 960 780 doctores
983 742 1025 780 sa·

39 808 245 882 pientissimos.
741 811 746 822 '

97 918 124 954 2.
147 897 351 973 Quapropter,
374 917 451 973 quae
472 901 567 974 magis
587 899 739 976 placuerit,
762 899 842 958 illam
861 902 943 958 bona
957 920 1024 958 cum

38 1004 113 1059 pace
134 987 263 1061 quisque
283 997 391 1046 teneat.

92 1095 121 1148 3.
151 1076 307 1134 Sententia
334 1087 434 1135 tamen
455 1077 494 1137 de
515 1077 707 1136 distinctione
733 1079 805 1136 reali
833 1079 926 1154 magis
955 1097 1024 1137 con·

35 1165 144 1222 ducere
165 1164 285 1223 videtur
310 1166 348 1224 ad
370 1167 527 1225 clariorem
549 1167 788 1226 efformationem
815 1169 1023 1226 nonnullarum

34 1253 199 1325 notionum,
223 1272 300 1329 quae
315 1255 374 1312 hoc
388 1264 512 1313 tractatu
527 1266 594 1314 sunt
608 1256 818 1328 declarandae,
840 1258 943 1331 quales
957 1268 1024 1316 sunt

31 1342 170 1400 notiones
191 1343 382 1416 substantiae,
405 1344 577 1416 accidentis,
600 1345 813 1404 subsistentiae.

416 1524 581 1571 Axrrcuuus
602 1536 643 1572 ru.

259 1636 308 1684 DE
325 1636 546 1685 NECESSARIO
565 1637 611 1684 ET
630 1637 799 1686 INFINITO.

298 1780 300 1786 ·
365 1765 382 1831 ᾖ
404 1782 426 1816 r.
458 1771 502 1818 De
521 1770 689 1819 necessario.

87 1883 294 1942 Necessarium
311 1885 417 1943 dicitur
437 1886 601 1959 generatim
624 1888 662 1955 id,
683 1886 761 1961 quad
783 1906 839 1943 nan
854 1893 948 1961 potest
967 1905 1022 1943 nan

28 1990 92 2040 esse,
115 1975 178 2031 sive
199 1976 231 2031 in
251 1976 349 2031 ordine
369 1975 521 2031 actualium
541 1977 599 2033 sine
619 1977 650 2032 in
670 1976 768 2032 ardz'ne
782 1975 965 2050 passibilzum.

87 2063 242 2121 Absolute
262 2062 463 2122 necessarium
478 2063 585 2121 dicitur
602 2063 681 2133 illud,
707 2063 788 2139 quod
809 2064 1023 2139 independenter

29 2152 59 2206 ab
82 2154 169 2208 omni
189 2154 343 2209 condicione
362 2171 425 2209 nou
443 2161 542 2227 potest
562 2170 624 2210 non
646 2170 719 2211 esse.
761 2153 846 2210 Talia
860 2152 919 2210 iam
934 2171 1022 2227 snpra

29 2260 61 2314 p,
89 2235 166 2314 234)
197 2240 322 2299 diximus
349 2259 413 2301 esse
442 2241 584 2299 essentias
612 2241 829 2317 metaphysieas
857 2241 888 2298 in
916 2241 1021 2299 ordine

28 2329 228 2401 ›ossibilium,
250 2332 339 2388 talem
360 2330 391 2387 in
413 2330 517 2389 ordine
540 2331 697 2389 actualium
720 2348 935 2405 cognoscemus
956 2348 1021 2388 esse

28 2420 138 2477 lenm.

28 2614 86 2645 ras:
112 2595 288 2658 L'humanite,
307 2598 382 2659 dit-il,
403 2597 444 2646 n’a
462 2615 508 2663 pas
527 2599 590 2646 dans
609 2597 633 2646 le
652 2598 737 2647 Christ
756 2614 802 2647 son
822 2598 947 2647 existence
965 2598 1020 2646 sub-

28 2676 153 2725 tantielle
174 2692 277 2742 propre,
297 2678 359 2725 mais
378 2678 457 2727 existe
476 2695 552 2743 parce
571 2694 620 2742 que
633 2677 778 2727 l'existence
791 2678 871 2728 meme
885 2679 919 2726 du
932 2677 1018 2725 Verbe

28 2758 46 2805 ti
68 2766 116 2805 est
137 2758 335 2822 communiquee
353 2768 378 2806 et
397 2759 524 2822 suppleee,
545 2757 622 2807 d’une
641 2758 715 2820 lacon
732 2758 911 2817 suremiuente,
932 2755 1020 2806 itl’ab·

28 2852 92 2885 {nce
116 2853 154 2885 en
175 2837 224 2885 elle
243 2836 319 2886 d'une
339 2839 463 2887 existence
483 2840 564 2887 crece.
601 2838 737 2887 L'essence
756 2838 788 2886 de
814 2836 960 2887 l¹humanite
985 2839 1019 2885 du

29 2917 106 2964 hrist
127 2916 198 2967 n’est
217 2918 387 2966 evidemment
404 2935 450 2983 pas
469 2917 592 2967 l’essence
611 2919 645 2965 du
664 2918 758 2977 Verbe,
782 2918 800 2965 il
818 2918 892 2965 serait
911 2918 1019 2966 absurde

28 3014 42 3045 e
64 3013 97 3045 se
119 2997 281 3061 l’imaginer,
308 3000 368 3046 mais
387 3008 453 3047 cette
472 3014 575 3047 essence
594 2999 673 3046 existe
692 3013 767 3063 parce
791 3013 840 3061 que
866 2996 938 3046 l'etre
964 2998 1010 3045 sub

28 3086 109 3125 stant
130 3078 170 3125 du
189 3078 274 3126 Verbe
293 3077 317 3125 la
335 3079 379 3126 fait
397 3079 525 3127 subsistet.
564 3078 602 3125 Or
620 3076 659 3126 s’il
678 3094 710 3125 en
730 3086 767 3126 est
787 3076 854 3136 ainsi,
875 3076 936 3125 c’est
959 3076 1019 3141 qu’il

43 3175 62 3205 a
84 3173 143 3206 une
167 3158 313 3206 distinction
331 3158 408 3207 reelle
427 3166 500 3207 entre
525 3157 647 3206 l’essence
673 3165 698 3207 et
717 3156 877 3206 t'existence»
901 3154 1021 3219 (Marciae

45 3255 71 3286 c.
96 3254 127 3301 p.
150 3236 207 3299 4ο).
228 3264 263 3271 -
283 3239 322 3287 cf.
342 3240 367 3287 S.
392 3240 477 3286 Thana.
496 3238 527 3285 In
544 3238 591 3297 Ill,
611 3238 667 3284 dist.
688 3237 712 3294 6,
733 3253 756 3298 q.
778 3248 807 3293 2,
828 3252 849 3282 a.
871 3248 885 3282 2
906 3243 931 3282 et
950 3250 974 3296 q.
995 3246 1018 3293 3,

28 3356 31 3367 .
55 3332 83 3367 2.
123 3319 163 3366 R.
184 3319 213 3365 P.
234 3319 317 3378 Billot,
337 3321 379 3367 De
397 3317 484 3365 Verbo
503 3318 633 3364 incarnato
653 3316 716 3363 thes
738 3325 761 3373 7.
