2350 3700
408 168 499 203 NOTIO
519 168 722 213 QUANTlTATlS.
1011 164 1060 219 325

136 337 161 374 a.
183 315 279 389 Quod
299 316 323 375 si
344 317 454 388 lumen,
477 317 560 391 quod
581 334 618 375 ex
632 314 814 375 revelatione
834 315 921 374 nobis
935 316 1064 390 affulget,

77 406 178 464 lumini
212 406 340 465 naturali
369 405 606 478 admoverimus,
642 406 684 464 sie
719 404 919 481 argumentari
949 404 1064 463 licebit:

78 499 158 553 quta
179 496 357 553 sententiam
378 513 568 553 communem
597 496 805 570 theologorum
828 512 936 569 corpus
957 494 1066 552 Christi

79 583 200 643 Domini
234 583 266 641 in
296 584 486 643 Sanctissima
515 584 701 643 Eucharistia
730 582 837 643 retinet
871 582 1065 659 quantitatem

79 693 168 744 suam,
189 692 248 732 nec
268 685 369 732 tamen
386 675 478 732 habet
492 674 696 733 extensionem
711 684 880 747 externam3
901 691 962 730 non
985 673 1064 731 enim

79 764 135 823 alia
155 784 225 839 pars
245 764 308 823 eius
329 764 418 822 estin
432 764 490 821 alia
504 773 588 840 parte
603 765 670 835 loci,
693 762 751 821 alia
765 763 795 820 in
810 762 876 834 alia,
898 763 952 821 sed
972 773 1065 820 totum
1165 800 1166 809 η

79 865 123 912 est
141 855 173 911 in
194 854 315 927 singulis
335 853 468 929 partibus
488 853 563 925 loci,
592 870 650 912 nec
678 852 797 928 expellit
820 852 878 910 alia
898 869 1027 927 corpora
1048 870 1065 910 e

79 945 154 1015 loco,
176 961 234 1001 nec
255 954 299 1001 est
319 942 474 1014 divisibile,
497 960 554 1001 nec
575 941 783 1001 mensurabile.

137 1035 221 1107 Ergo
248 1042 348 1107 potest
374 1050 438 1091 esse
465 1030 614 1107 quantitas
641 1031 704 1090 sine
732 1032 903 1090 extensione
935 1040 1065 1101 externa,

76 1122 142 1181 sine
162 1121 450 1197 impenetrabilitate,
472 1122 537 1181 sine
557 1120 763 1191 divisibilitate,
787 1120 849 1179 sine
866 1119 1067 1178 mensurabili·

75 1223 145 1270 tate.
190 1212 252 1269 Sed
272 1211 318 1282 id,
347 1209 410 1270 sine
439 1228 499 1285 quo
527 1228 592 1270 esse
620 1221 718 1286 potest
745 1209 908 1284 quantitas,
937 1227 999 1266 non
1023 1218 1066 1267 est

75 1301 139 1359 eius
161 1302 342 1359 elementum
363 1300 584 1359 constitutivum
605 1300 653 1358 vel
673 1298 837 1358 essentiale.

138 1393 222 1465 Ergo
248 1391 427 1449 elementum
454 1389 610 1448 essentiale
639 1389 808 1464 quantitatis
835 1405 933 1463 neque
956 1397 999 1445 est
1020 1405 1066 1445 ex·

74 1480 176 1539 tensio
196 1489 334 1549 externa,
361 1497 461 1554 neque
481 1478 761 1554 impenetrabilitas‚
789 1495 848 1536 nec
873 1476 1065 1549 divisibilitas‚

74 1588 135 1628 nec
156 1568 402 1627 mensurabilitas.

136 1660 290 1717 Remanet
309 1676 391 1733 ergo,
412 1668 444 1715 ut
464 1659 645 1715 elementum
666 1656 836 1732 quantitatis
857 1656 1012 1715 essentiale
1030 1654 1066 1714 sit

74 1747 212 1807 extensio
233 1747 350 1805 interna
360 1747 380 1821 ¹¹.
697 1776 699 1780 ,

458 1897 626 1946 Athcusus
646 1909 687 1945 111.

235 2013 386 2062 ENTITAS
406 2012 640 2061 EXTENSIONIS
660 2011 907 2060 DECLARATUR⁴

137 2136 314 2195 AssertioI.
337 2167 376 2174 -
398 2136 537 2193 Extensio
557 2140 599 2192 cst
617 2135 749 2192 obiectiva
775 2135 912 2209 quaedam
939 2134 1064 2191 realiter.

74 2226 294 2285 Extensionem
315 2243 475 2301 corporum
495 2224 569 2282 nihil
591 2224 670 2282 aliud
686 2243 750 2282 esse
764 2223 821 2282 nisi
836 2225 962 2282 formam
976 2241 1066 2297 quan·

17 2349 20 2354 ·
74 2317 149 2374 dam
170 2314 379 2386 subiectivam,
410 2314 558 2373 sententia
584 2324 648 2372 erat
668 2313 771 2371 Kantii
799 2324 829 2372 et
856 2331 974 2384 eorum,
1006 2311 1065 2385 qui,

75 2405 249 2464 doctrinam
263 2405 326 2463 eius
340 2405 520 2477 evolventes
536 2403 566 2461 in
581 2403 767 2462 idealismum
781 2402 949 2460 inciderunt
960 2402 978 2458 ².
1000 2401 1066 2458 Nee

74 2497 187 2554 desunt
209 2494 286 2552 inter
306 2493 488 2552 recentiores
512 2493 753 2569 «philosophos»,
775 2491 834 2568 qui,
856 2502 888 2549 ut
906 2481 1064 2564 Uberweg,

73 2587 193 2659 Lange,
215 2585 279 2641 Ioh.
295 2584 434 2655 Mullert,
457 2582 560 2641 Kantii
580 2581 745 2641 sententiae
765 2582 822 2640 hac
844 2581 874 2638 in
891 2600 922 2639 re
938 2581 1065 2638 faveant.

140 2793 151 2824 ¹
170 2795 210 2843 Cf.
224 2795 307 2853 Pescla,
327 2794 389 2842 Inst.
403 2794 496 2858 philos.
511 2801 561 2842 nat.
575 2795 602 2842 II
620 2791 674 2858 (ed.
690 2792 727 2855 2),
749 2807 782 2854 24
796 2811 832 2858 sq.
859 2793 975 2854 Lehmcn,
989 2793 1066 2841 Lehr-

75 2876 147 2925 buch
166 2875 214 2923 der
232 2873 397 2939 Philosophie
416 2875 449 2935 11,
470 2886 503 2936 33
523 2892 560 2939 sq.

140 2953 152 2985 ²
171 2955 212 3004 Cf.
232 2971 308 3019 supra
326 2971 351 3018 p.
374 2967 431 3003 101.
454 2967 511 3004 102.
534 2968 581 3015 141
602 2971 640 3019 sq.

139 3034 150 3066 ³
173 3035 271 3084 «Unser
289 3035 413 3084 sensibler
425 3035 590 3100 Organismus
608 3035 698 3083 nimmt
711 3035 847 3099 eigentlich
861 3051 908 3082 nur
920 3035 975 3083 sich
988 3033 1078 3081 selbst'

76 3116 163 3176 wahr,
191 3115 264 3164 nicht
288 3115 329 3164 die
347 3116 513 3164 Aussenwelt.
550 3116 605 3163 Der
623 3115 713 3164 Retina
738 3117 770 3164 ist
794 3116 834 3163 ein
860 3114 1067 3179 ursprttngliches

75 3196 249 3261 Raumgeltthl
267 3195 421 3260 angeboren,
440 3200 559 3260 vermdge
578 3195 671 3244 dessen
690 3195 760 3244 diese
779 3199 885 3244 nervdse
898 3195 969 3243 Haut
984 3193 1068 3256 gleich
1165 3183 1166 3224 Ϊ

75 3293 129 3326 von
149 3277 254 3341 Anfang
272 3276 328 3324 ihre
346 3275 437 3340 eigene
455 3275 633 3338 Ausdehnung
650 3275 703 3322 und
722 3275 764 3322 die
783 3274 828 3322 der
846 3288 879 3320 an
898 3273 938 3321 ihr
963 3280 1067 3320 entwor-
1165 3325 1166 3328 Ἴ

76 3358 156 3406 senen
174 3357 300 3406 Bildehen
318 3355 465 3420 empfindet.
502 3355 700 3416 Ausdehnungs-
719 3354 772 3400 und
791 3351 950 3416 Tiofegeltthl
969 3351 1001 3398 ist
1026 3351 1067 3396 ein

1033 3589 1053 3653 j
