2350 3700
406 167 443 204 DE
462 167 666 204 CERTITUDINE.

283 339 301 408 ἓ
320 356 343 405 3.
374 345 417 393 De
436 343 609 393 certitudinis
628 342 789 406 speciebus.

100 466 261 528 Certitudo
280 469 435 529 dividitur:

100 577 124 613 r.
146 558 203 614 Ex
217 566 309 634 parte
322 560 468 634 prina'pii,
489 577 527 616 ex
540 577 602 633 quo
617 557 749 616 oriuntur
770 557 847 615 vires
860 556 951 632 ipsae,
975 574 1029 632 per

42 663 109 719 quas
129 646 301 706 obtinetur:
330 647 360 706 in
383 647 589 706 certitudinem
620 648 874 722 supernaturalem
895 657 925 705 et
945 645 1029 704 certi·

41 735 170 793 tudinem
192 738 370 795 naturalem.

95 824 259 885 Certitudo
278 826 506 902 supernaturalis
526 844 562 884 ea
579 835 631 896 est,
654 843 731 900 quae
745 825 895 884 obtinetur
909 823 1027 896 viribus,

38 923 152 986 praeter
175 915 346 991 exigentias
372 925 512 985 naturae,
543 913 657 972 homini
685 915 792 972 aDeo
820 913 935 973 collatis
963 909 1028 988 (sub

38 1001 145 1060 influxu
167 1004 293 1062 luminis
313 1003 383 1064 fidei
405 1014 435 1063 et
454 1003 574 1061 divinae
595 997 755 1077 motionis).
798 1003 846 1062 De
867 1003 924 1060 hac
946 1003 1030 1060 certi·

38 1090 135 1150 tudine
158 1094 341 1168 praesertim
361 1092 457 1169 agitur
477 1094 509 1150 in
529 1092 682 1166 theologia
702 1111 795 1150 sacra.

23 1196 24 1235 l
92 1180 259 1241 Certitudo
280 1183 423 1240 naturalzs
442 1201 480 1240 ea
499 1191 552 1253 est,
575 1199 653 1256 quae
672 1180 820 1239 obtinetur
841 1197 895 1257 per
915 1179 1029 1238 nativas

23 1246 109 1326 'sires
123 1270 283 1330 humanae
297 1270 419 1329 rationis
432 1271 472 1329 de
486 1269 613 1330 obiectis
622 1269 721 1328 eidem
730 1268 838 1328 rationi
848 1267 965 1344 perviis.
981 1269 1029 1327 De

22 1359 220 1478 ysertitudine
242 1361 368 1418 naturali
388 1377 487 1419 sermo
507 1370 552 1417 est
572 1359 604 1416 in
618 1358 815 1435 philosophia,
837 1368 867 1416 et
882 1358 942 1416 ad
934 1375 1029 1433 ipsam

42 1446 209 1507 referuntur
231 1467 434 1524 omnesquae
461 1456 624 1523 sequuntur
652 1447 835 1506 certitudinis
859 1446 1028 1504 divisiones.

23 1495 26 1599 i
97 1557 124 1594 2.
148 1539 207 1595 Ex
214 1545 304 1614 parte
310 1538 506 1613 fundamenti,
521 1555 583 1612 quo
597 1535 728 1594 innititur
742 1537 805 1595 eius
819 1535 976 1594 motivum:
999 1534 1029 1592 in

41 1627 288 1703 metaphysicam,
311 1627 473 1703 physicam,
495 1628 649 1684 moralem.

98 1715 260 1775 Certitudo
281 1716 467 1791 metaphysica
488 1734 524 1775 ea
545 1725 604 1786 est,
633 1714 715 1772 euius
735 1715 878 1772 motivum
899 1712 1031 1770 innititur

42 1803 97 1875 lege
128 1805 338 1882 metaphysica,
374 1805 392 1864 i.
422 1822 448 1864 e.
482 1803 575 1863 modo
606 1803 753 1862 constanti
787 1814 817 1862 et
850 1803 1028 1873 necessario,

46 1894 210 1953 secundum
231 1912 321 1970 quem
342 1913 389 1953 res
414 1895 629 1952 constituuntur
656 1892 687 1950 in
707 1912 760 1951 sua
787 1892 922 1952 essentia.
964 1892 1030 1950 Tali

44 1983 222 2043 certitudine
242 1984 418 2043 assentimus
431 1984 527 2042 his-et
547 1982 691 2042 similibus
711 1983 898 2041 veritatibus:
921 1983 1030 2039 Totum

45 2081 85 2128 est
96 2074 196 2132 maius
206 2091 259 2133 sua
273 2084 372 2148 parte,
387 2074 508 2131 Summa
521 2074 698 2147 angulorum
711 2073 742 2130 in
752 2072 900 2148 triangulo
915 2070 1031 2129 duobus

44 2162 126 2220 rectis
150 2163 378 2237 aequiparatur,
400 2161 506 2220 Omnis
525 2161 618 2219 homo
639 2172 683 2221 est
710 2162 878 2232 rationalis,
908 2170 963 2220 etc.
995 2162 1031 2216 In

44 2251 221 2309 certitudine
242 2250 445 2326 metaphysica
466 2251 576 2309 motiva
597 2250 757 2309 ostendunt
777 2250 946 2326 oppositum
967 2267 1031 2308 esse

44 2338 273 2398 affirmationem
294 2350 324 2398 et
337 2339 423 2398 simul
436 2341 627 2415 negationem
643 2339 686 2399 rei
700 2338 833 2399 eiusdem
854 2340 908 2397 sub
923 2338 1031 2397 eodem

43 2440 241 2503 respectu,.et
261 2429 390 2504 proinde
411 2428 452 2486 ita
472 2446 537 2487 esse
557 2428 755 2503 impossibile,
776 2438 808 2485 ut
828 2446 867 2486 ne
888 2427 1031 2486 miraculo

45 2517 167 2589 quidem
188 2519 252 2576 fieri
273 2517 367 2594 possit
379 2520 395 2576 ¹.

98 2606 260 2666 Certitudo
275 2607 393 2683 physica
414 2624 451 2665 ea
470 2615 530 2677 est,
553 2604 635 2664 cuius
656 2605 799 2664 motivum
823 2604 956 2664 innititur
974 2605 1032 2679 lege

42 2695 165 2769 physica,
187 2697 206 2755 i.
222 2714 248 2755 e.
266 2696 359 2753 modo
380 2695 528 2753 constanti
548 2705 580 2754 et
592 2694 740 2766 uniformi,
763 2694 927 2753 secundum
942 2712 1032 2769 quem

46 2802 88 2842 res
109 2785 254 2861 physicae
275 2780 422 2860 (libertate
443 2778 610 2858 destitutae)
632 2794 730 2857 agunt.
773 2785 898 2859 Physice
919 2793 1031 2842 certum

46 2885 85 2931 est
105 2892 132 2932 e.
148 2892 177 2949 g.
199 2891 329 2948 corpora
349 2873 405 2931 sibi
426 2872 496 2948 ipsis
517 2872 622 2931 relicta
642 2882 745 2948 petere
768 2882 903 2931 centrum
925 2882 1030 2943 terrae,

47 2961 144 3035 ignem
171 2973 241 3020 actu
271 2962 447 3020 comburere
476 2980 527 3033 ea,
557 2979 634 3037 quae
655 2962 711 3036 ipsi
733 2962 945 3032 admoventur,
975 2961 1032 3018 alia

47 3050 220 3110 huiusmodi.
256 3054 291 3109 In
306 3050 482 3109 certitudine
496 3050 620 3125 physica
640 3050 750 3108 motiva
765 3049 924 3108 ostendunt
940 3066 1032 3124 oppo-

105 3279 113 3310 ¹
134 3280 174 3329 ct.
194 3296 251 3328 cum
270 3280 315 3340 iis,
341 3297 406 3345 quse
425 3296 500 3345 supra
518 3278 555 3343 (p.
576 3276 622 3342 39)
648 3280 680 3326 de
706 3278 811 3327 diversis
837 3277 1031 3326 universalitatis

53 3362 181 3425 speciebus
200 3359 317 3410 diximus
