2350 3700
10 3394 13 3421 l

11 3446 61 3505 tf

208 159 424 196 PROLEGOMENA
442 160 473 197 IN
493 159 663 197 UNIVERSAM
683 161 907 200 sttruososmtst.
1030 163 1045 214 3

53 306 213 362 materiales
235 307 343 365 dicitur
363 308 408 376 id,
430 326 466 365 rx
485 328 540 384 quo
560 327 609 367 res
630 327 777 384 corporea
797 310 986 385 producitur:
1015 310 1046 368 in

54 394 194 469 exemplo
223 396 313 454 allato
340 415 473 456 marmor
499 398 547 456 vel
574 397 688 472 lignum
714 398 763 456 vel
791 398 848 456 alia
877 397 1046 458 huiusmodi
1095 399 1099 407 '

53 493 122 540 suut
142 503 251 543 causae
272 485 447 544 materiales.
490 485 588 544 Causa
609 486 751 560 formalis
778 486 909 563 denique
938 487 1046 547 dicitur

53 572 88 628 id
104 589 200 642 omne,
229 593 284 648 quo
304 593 351 632 rer
370 576 401 632 in
421 576 477 632 tali
494 575 679 632 determinato
706 577 815 634 essendi
839 577 921 634 modo
949 579 1046 635 consu-

53 663 165 720 tuitur:
184 662 217 719 id
237 681 263 722 e.
285 682 324 739 g,
346 681 406 738 quo
427 665 460 722 fit
479 673 512 722 ut
530 666 627 723 moles
647 663 697 722 illa
717 664 873 724 marmoris
894 665 931 724 sit
951 676 1046 725 statua

55 749 85 808 et
112 769 176 808 nou
203 752 358 824 columna,
389 752 497 812 dicitur
525 772 615 812 causa
642 753 783 813 lonnalis.
825 756 896 814 Una
923 773 960 814 ex
989 755 1046 815 illis

55 841 151 898 causis
172 841 345 900 formalibus
367 852 411 900 est
432 860 457 900 e.
474 861 502 918 g.
523 842 624 918 imago
644 842 729 902 huius
750 854 863 902 statuae
879 845 918 902 ab
933 844 1044 904 artifice

55 929 87 985 in
107 940 208 988 mente
229 941 452 1007 praeconcepta
473 925 574 1007 (causa
594 931 726 990 formalis
747 932 914 992 extrinseca
939 933 1045 992 idealis

56 1019 103 1076 vel
125 1037 215 1078 causa
235 1017 423 1096 exemplaris)
439 1022 455 1079 ¹.

115 1109 164 1166 De
185 1109 281 1168 causis
300 1109 360 1167 iam
381 1109 437 1168 illis
459 1111 598 1168 omuibus
619 1110 809 1186 philosophia
828 1111 961 1184 disserit,
990 1113 1045 1171 sed

55 1215 118 1255 non
141 1198 440 1274 quomodocumque,
461 1198 583 1274 inquirit
604 1199 685 1258 euim
705 1199 736 1256 in
756 1218 855 1258 rerum
869 1220 969 1258 causas
982 1203 1045 1259 ulti-

55 1305 118 1344 mas
137 1289 185 1344 vel
206 1287 364 1346 altrisimas.
395 1287 507 1347 Ultima
528 1298 627 1347 autem
647 1287 756 1347 dicitur
773 1298 878 1361 causa,
894 1307 971 1366 quae
985 1291 1044 1348 iam

56 1375 129 1433 nulli
149 1377 198 1434 alii
219 1377 434 1436 subordinatur.
475 1377 506 1436 Si
526 1377 600 1436 nulli
621 1376 744 1436 omuino
765 1378 983 1451 subordinatur,
1005 1381 1045 1438 ita

54 1475 87 1523 ut
108 1463 211 1523 omnia
231 1467 475 1540 generaentium
496 1467 703 1538 transcendat,
731 1466 838 1525 dicitur
859 1485 948 1526 causa
968 1469 1044 1527 abso-

55 1555 114 1610 luta
133 1554 249 1612 ultima:
276 1553 319 1613 sic
339 1556 422 1614 Deus
443 1564 487 1614 est
508 1573 597 1614 causa
619 1556 753 1614 absolute
780 1556 883 1615 ultima
911 1557 1044 1617 efficiens

55 1654 86 1701 et
106 1643 202 1701 finalis
223 1643 357 1701 omnium
384 1661 499 1716 rerum3
529 1643 638 1719 quodsi
666 1655 750 1703 certo
778 1646 910 1720 quodam
937 1646 969 1704 in
995 1665 1045 1722 ge-

54 1750 129 1790 nere
151 1741 265 1790 tantum
285 1733 358 1791 nulli
372 1733 421 1790 alii
435 1733 652 1804 subordinatur,
675 1733 782 1792 dicitur
795 1736 914 1793 relative
927 1737 1045 1794 ultima:

54 1821 99 1881 sic
129 1839 251 1881 causam
280 1821 413 1880 ultimam
442 1823 562 1882 finalem
596 1821 683 1882 huius
716 1823 820 1882 mundi
855 1825 1045 1899 aspectabilis

54 1910 228 1987 philosophi
248 1911 360 1969 docent
380 1929 446 1971 esse
466 1912 683 1971 beatitudinem
703 1912 850 1984 hominis;
874 1914 916 1973 sic
936 1914 968 1972 in
989 1915 1045 1973 sin·

54 2000 132 2075 gulis
152 2001 242 2059 rebus
261 1999 408 2059 rationem
429 2000 561 2059 ultimam
583 2002 726 2073 omnium,
748 2020 826 2078 quae
846 2002 877 2061 in
892 2002 965 2078 ipsis
978 2014 1046 2063 sunt

53 2089 103 2147 vel
123 2090 207 2161 fiunt,
229 2089 331 2148 dicunt
352 2107 417 2149 esse
437 2107 536 2149 rerum
556 2100 693 2149 naturam
714 2092 762 2150 vel
782 2092 949 2151 essentiam.

116 2180 165 2237 De
186 2178 231 2237 his
252 2196 324 2255 ergo
346 2180 441 2239 causis
461 2180 509 2238 vel
530 2179 694 2239 rationibus
711 2181 846 2240 absolute
860 2183 908 2240 vel
923 2180 1044 2241 relative

54 2267 165 2325 ultimis
186 2268 306 2344 inquirit
327 2268 525 2345 philosophia,
546 2269 587 2327 ita
607 2280 639 2327 ut
660 2270 723 2328 eius
736 2268 923 2346 investigatio
937 2290 1000 2330 non
1013 2272 1045 2329 in

54 2358 114 2414 hoc
129 2356 236 2415 ordine
251 2358 382 2416 sensibili
397 2356 592 2430 contineatur,
608 2358 661 2417 sed
676 2358 805 2417 rationes
819 2359 952 2435 attingat,
967 2378 1045 2435 quae

54 2464 103 2505 res
117 2446 252 2505 sensibus
266 2446 463 2523 aspectabiles
472 2446 728 2522 transgrediuntur
738 2458 768 2505 et
776 2458 938 2524 propterea
946 2468 1045 2525 super-

54 2533 211 2594 sensibiles
231 2537 279 2594 vel
300 2536 522 2611 metaphysicae
536 2536 683 2595 dicuntur.
715 2537 849 2609 Quarum
865 2538 1044 2614 praecipuae

54 2634 138 2683 sunt:
161 2643 260 2683 rerum
281 2626 500 2683 mundanarum
521 2624 658 2698 essentia,
680 2626 747 2685 finis
767 2625 894 2699 ultimus,
917 2629 1007 2685 Deus.

116 2716 163 2771 Ex
183 2715 240 2772 hac
260 2725 345 2790 parte
366 2714 586 2791 philosophiam
608 2715 734 2774 diximus
755 2716 895 2793 specifice
924 2717 1044 2775 differre

55 2822 74 2860 a
95 2804 202 2861 ceteris
223 2802 351 2863 scientiis
372 2804 554 2863 naturalibus
568 2805 714 2876 omnibus,
738 2804 808 2881 quia
821 2804 963 2863 scientiae
977 2804 1045 2864 illae

56 2890 87 2949 iu
109 2892 205 2963 rebus,
228 2893 308 2951 circa
329 2910 403 2968 quas
423 2904 585 2966 versantur,
608 2912 670 2953 non
690 2894 748 2953 nisi
768 2912 871 2953 causas
885 2893 1043 2969 proximas,

56 2980 319 3056 phaenomenales,
342 2982 497 3042 sensibiles
517 2982 679 3059 inquirunt,
704 3001 772 3041 cum
791 2972 980 3059 philosophia
994 3000 1045 3041 eas

56 3071 161 3129 altiore
188 3070 243 3129 sub
270 3083 409 3147 respectu
437 3072 615 3131 consideret.
656 3074 753 3131 Recte
780 3072 868 3148 igitur
895 3073 1044 3149 sapientia,

62 3282 68 3297 r
120 3256 188 3307 ¹De
207 3258 287 3309 causis
309 3260 388 3309 fusius
413 3274 496 3309 sermo
515 3260 561 3308 erit
579 3260 606 3307 in
623 3259 768 3323 ontologia,
795 3257 828 3305 de
853 3273 929 3305 causa
947 3256 1045 3304 formali

10 3354 12 3393 t
53 3326 191 3397 frtrinseca
210 3356 290 3405 eaque
310 3339 468 3389 substantiali
487 3340 599 3388 dicemus
618 3339 644 3385 in
662 3336 825 3399 cosmologia.

855 3416 890 3463 Ι*
