<?xml version="1.0" encoding="UTF-8"?>
<!DOCTYPE html PUBLIC "-//W3C//DTD XHTML 1.0 Transitional//EN"
    "http://www.w3.org/TR/xhtml1/DTD/xhtml1-transitional.dtd">
<html xmlns="http://www.w3.org/1999/xhtml" xml:lang="en" lang="en">
 <head>
  <title>
</title>
<meta http-equiv="Content-Type" content="text/html;charset=utf-8" />
  <meta name='ocr-system' content='tesseract 3.04.00' />
  <meta name='ocr-capabilities' content='ocr_page ocr_carea ocr_par ocr_line ocrx_word'/>
</head>
<body>
  <div class='ocr_page' id='page_1' title='image "./elementaphiloso00reingoog_0116.png"; bbox 0 0 2350 3700; ppageno 0'>
   <div class='ocr_carea' id='block_1_1' title="bbox 92 63 675 111">
    <p class='ocr_par' dir='ltr' id='par_1_1' title="bbox 92 63 675 111">
     <span class='ocr_line' id='line_1_1' title="bbox 92 63 675 111; baseline -0.002 0"><span class='ocrx_word' id='word_1_1' title='bbox 92 63 126 111; x_wconf 91' lang='lat'><strong>86</strong></span> <span class='ocrx_word' id='word_1_2' title='bbox 492 74 675 111; x_wconf 74' lang='lat' dir='ltr'><strong>urncucmcn.</strong></span> 
     </span>
    </p>
   </div>
   <div class='ocr_carea' id='block_1_2' title="bbox 87 222 1167 308">
    <p class='ocr_par' dir='ltr' id='par_1_2' title="bbox 87 222 1167 308">
     <span class='ocr_line' id='line_1_2' title="bbox 87 222 1167 308; baseline 0.002 -29"><span class='ocrx_word' id='word_1_3' title='bbox 87 224 466 299; x_wconf 76' lang='lat' dir='ltr'><strong>fitpracmissapostercoris</strong></span> <span class='ocrx_word' id='word_1_4' title='bbox 483 223 516 279; x_wconf 86' lang='lat' dir='ltr'><strong>E.</strong></span> <span class='ocrx_word' id='word_1_5' title='bbox 526 238 567 297; x_wconf 90' lang='lat' dir='ltr'><strong>g.:</strong></span> <span class='ocrx_word' id='word_1_6' title='bbox 580 222 698 293; x_wconf 90' lang='lat' dir='ltr'><strong>Anima,</strong></span> <span class='ocrx_word' id='word_1_7' title='bbox 710 242 788 297; x_wconf 86' lang='lat' dir='ltr'><strong>quae</strong></span> <span class='ocrx_word' id='word_1_8' title='bbox 799 223 994 298; x_wconf 86' lang='lat' dir='ltr'>operationes</span> <span class='ocrx_word' id='word_1_9' title='bbox 1002 223 1082 281; x_wconf 91' lang='lat' dir='ltr'><strong>elicit</strong></span> <span class='ocrx_word' id='word_1_10' title='bbox 1165 237 1167 308; x_wconf 63' lang='lat'>}</span> 
     </span>
    </p>
   </div>
   <div class='ocr_carea' id='block_1_3' title="bbox 90 311 1161 566">
    <p class='ocr_par' dir='ltr' id='par_1_3' title="bbox 90 311 1161 566">
     <span class='ocr_line' id='line_1_3' title="bbox 91 311 1082 388; baseline -0.002 -17"><span class='ocrx_word' id='word_1_11' title='bbox 91 312 250 371; x_wconf 88' lang='lat' dir='ltr'><strong>intrinsece</strong></span> <span class='ocrx_word' id='word_1_12' title='bbox 269 311 507 386; x_wconf 90' lang='lat' dir='ltr'><strong>independentes</strong></span> <span class='ocrx_word' id='word_1_13' title='bbox 528 331 546 369; x_wconf 92' lang='lat' dir='ltr'><strong>a</strong></span> <span class='ocrx_word' id='word_1_14' title='bbox 566 312 699 382; x_wconf 84' lang='lat' dir='ltr'><strong>materia,</strong></span> <span class='ocrx_word' id='word_1_15' title='bbox 720 322 765 371; x_wconf 90' lang='lat' dir='ltr'><strong>est</strong></span> <span class='ocrx_word' id='word_1_16' title='bbox 785 312 851 388; x_wconf 92' lang='lat' dir='ltr'><strong>ipsa</strong></span> <span class='ocrx_word' id='word_1_17' title='bbox 871 311 1082 387; x_wconf 87' lang='lat' dir='ltr'><strong>independens</strong></span> 
     </span>
     <span class='ocr_line' id='line_1_4' title="bbox 90 400 1161 478; baseline 0.005 -19"><span class='ocrx_word' id='word_1_18' title='bbox 90 401 250 459; x_wconf 86' lang='lat' dir='ltr'><strong>intrinsece</strong></span> <span class='ocrx_word' id='word_1_19' title='bbox 278 400 447 459; x_wconf 86' lang='lat' dir='ltr'><strong>amateria.</strong></span> <span class='ocrx_word' id='word_1_20' title='bbox 491 401 582 477; x_wconf 86' lang='lat' dir='ltr'><strong>Atqui</strong></span> <span class='ocrx_word' id='word_1_21' title='bbox 603 402 704 459; x_wconf 90' lang='lat' dir='ltr'><strong>anima</strong></span> <span class='ocrx_word' id='word_1_22' title='bbox 731 402 861 459; x_wconf 87' lang='lat' dir='ltr'><strong>humana</strong></span> <span class='ocrx_word' id='word_1_23' title='bbox 889 402 1082 478; x_wconf 85' lang='lat' dir='ltr'><strong>operationes</strong></span> <span class='ocrx_word' id='word_1_24' title='bbox 1157 452 1161 464; x_wconf 95' lang='lat'><em>.</em></span> 
     </span>
     <span class='ocr_line' id='line_1_5' title="bbox 90 490 1082 566; baseline -0.002 -17"><span class='ocrx_word' id='word_1_25' title='bbox 90 492 170 549; x_wconf 89' lang='lat' dir='ltr'><strong>elicit</strong></span> <span class='ocrx_word' id='word_1_26' title='bbox 197 490 357 549; x_wconf 85' lang='lat' dir='ltr'><strong>intrinsece</strong></span> <span class='ocrx_word' id='word_1_27' title='bbox 385 490 625 565; x_wconf 88' lang='lat' dir='ltr'><strong>independentes</strong></span> <span class='ocrx_word' id='word_1_28' title='bbox 652 510 671 547; x_wconf 91' lang='lat' dir='ltr'><strong>a</strong></span> <span class='ocrx_word' id='word_1_29' title='bbox 698 492 831 550; x_wconf 85' lang='lat' dir='ltr'><strong>materia.</strong></span> <span class='ocrx_word' id='word_1_30' title='bbox 874 494 957 566; x_wconf 88' lang='lat' dir='ltr'><strong>Ergo</strong></span> <span class='ocrx_word' id='word_1_31' title='bbox 982 492 1082 548; x_wconf 91' lang='lat' dir='ltr'><strong>anima</strong></span> 
     </span>
    </p>
   </div>
   <div class='ocr_carea' id='block_1_4' title="bbox 89 575 1166 655">
    <p class='ocr_par' dir='ltr' id='par_1_4' title="bbox 89 575 1166 655">
     <span class='ocr_line' id='line_1_6' title="bbox 89 575 1166 655; baseline -0.004 -18"><span class='ocrx_word' id='word_1_32' title='bbox 89 581 219 639; x_wconf 88' lang='lat' dir='ltr'><strong>humana</strong></span> <span class='ocrx_word' id='word_1_33' title='bbox 239 580 304 655; x_wconf 91' lang='lat' dir='ltr'><strong>ipsa</strong></span> <span class='ocrx_word' id='word_1_34' title='bbox 325 591 370 638; x_wconf 92' lang='lat' dir='ltr'><strong>est</strong></span> <span class='ocrx_word' id='word_1_35' title='bbox 389 579 549 638; x_wconf 88' lang='lat' dir='ltr'><strong>intrinsece</strong></span> <span class='ocrx_word' id='word_1_36' title='bbox 571 580 781 655; x_wconf 89' lang='lat' dir='ltr'><strong>independens</strong></span> <span class='ocrx_word' id='word_1_37' title='bbox 802 600 821 638; x_wconf 90' lang='lat' dir='ltr'><strong>a</strong></span> <span class='ocrx_word' id='word_1_38' title='bbox 840 580 967 639; x_wconf 89' lang='lat' dir='ltr'><strong>materia</strong></span> <span class='ocrx_word' id='word_1_39' title='bbox 990 575 1083 655; x_wconf 88' lang='lat' dir='ltr'><strong>(spiri-</strong></span> <span class='ocrx_word' id='word_1_40' title='bbox 1156 609 1166 635; x_wconf 67' lang='lat' dir='ltr'><strong>r</strong></span> 
     </span>
    </p>
   </div>
   <div class='ocr_carea' id='block_1_5' title="bbox 90 665 1162 746">
    <p class='ocr_par' dir='ltr' id='par_1_5' title="bbox 90 665 1162 746">
     <span class='ocr_line' id='line_1_7' title="bbox 90 665 1162 746; baseline 0.001 -19"><span class='ocrx_word' id='word_1_41' title='bbox 90 665 194 744; x_wconf 90' lang='lat' dir='ltr'><strong>tualis).</strong></span> <span class='ocrx_word' id='word_1_42' title='bbox 225 669 284 728; x_wconf 90' lang='lat' dir='ltr'><strong>Sed</strong></span> <span class='ocrx_word' id='word_1_43' title='bbox 295 669 441 744; x_wconf 92' lang='lat' dir='ltr'><strong>quidquid</strong></span> <span class='ocrx_word' id='word_1_44' title='bbox 456 681 501 728; x_wconf 92' lang='lat' dir='ltr'><strong>est</strong></span> <span class='ocrx_word' id='word_1_45' title='bbox 514 670 674 728; x_wconf 90' lang='lat' dir='ltr'><strong>intrinsece</strong></span> <span class='ocrx_word' id='word_1_46' title='bbox 689 670 899 746; x_wconf 89' lang='lat' dir='ltr'><strong>independens</strong></span> <span class='ocrx_word' id='word_1_47' title='bbox 913 688 932 727; x_wconf 90' lang='lat' dir='ltr'><strong>a</strong></span> <span class='ocrx_word' id='word_1_48' title='bbox 945 670 1081 739; x_wconf 88' lang='lat' dir='ltr'><strong>materia,</strong></span> <span class='ocrx_word' id='word_1_49' title='bbox 1160 713 1162 728; x_wconf 46' lang='lat' dir='ltr'><strong>r</strong></span> 
     </span>
    </p>
   </div>
   <div class='ocr_carea' id='block_1_6' title="bbox 91 758 1166 835">
    <p class='ocr_par' dir='ltr' id='par_1_6' title="bbox 91 758 1166 835">
     <span class='ocr_line' id='line_1_8' title="bbox 91 758 1166 835; baseline -0.001 -18"><span class='ocrx_word' id='word_1_50' title='bbox 91 779 154 817; x_wconf 92' lang='lat' dir='ltr'><strong>non</strong></span> <span class='ocrx_word' id='word_1_51' title='bbox 175 760 266 818; x_wconf 87' lang='lat' dir='ltr'><strong>habet</strong></span> <span class='ocrx_word' id='word_1_52' title='bbox 287 768 386 833; x_wconf 90' lang='lat' dir='ltr'><strong>partes</strong></span> <span class='ocrx_word' id='word_1_53' title='bbox 407 758 618 824; x_wconf 79' lang='lat' dir='ltr'><strong>constitutivas</strong></span> <span class='ocrx_word' id='word_1_54' title='bbox 654 761 737 835; x_wconf 90' lang='lat' dir='ltr'><strong>Ergo</strong></span> <span class='ocrx_word' id='word_1_55' title='bbox 751 759 852 818; x_wconf 91' lang='lat' dir='ltr'><strong>anima</strong></span> <span class='ocrx_word' id='word_1_56' title='bbox 864 761 999 819; x_wconf 90' lang='lat' dir='ltr'><strong>humana</strong></span> <span class='ocrx_word' id='word_1_57' title='bbox 1018 778 1082 817; x_wconf 91' lang='lat' dir='ltr'><strong>non</strong></span> <span class='ocrx_word' id='word_1_58' title='bbox 1158 781 1166 815; x_wconf 62' lang='grc' dir='ltr'><strong>ι’</strong></span> 
     </span>
    </p>
   </div>
   <div class='ocr_carea' id='block_1_7' title="bbox 91 843 1084 1370">
    <p class='ocr_par' dir='ltr' id='par_1_7' title="bbox 92 843 769 924">
     <span class='ocr_line' id='line_1_9' title="bbox 92 843 769 924; baseline 0.003 -19"><span class='ocrx_word' id='word_1_59' title='bbox 92 849 183 907; x_wconf 89' lang='lat' dir='ltr'><strong>habet</strong></span> <span class='ocrx_word' id='word_1_60' title='bbox 204 858 302 924; x_wconf 89' lang='lat' dir='ltr'><strong>partes</strong></span> <span class='ocrx_word' id='word_1_61' title='bbox 324 848 526 906; x_wconf 82' lang='lat' dir='ltr'><strong>constitutivas</strong></span> <span class='ocrx_word' id='word_1_62' title='bbox 547 843 603 923; x_wconf 90' lang='lat' dir='ltr'><strong>(est</strong></span> <span class='ocrx_word' id='word_1_63' title='bbox 624 843 769 924; x_wconf 78' lang='lat' dir='ltr'><strong>simplex),</strong></span> 
     </span>
    </p>

    <p class='ocr_par' dir='ltr' id='par_1_8' title="bbox 91 939 1084 1370">
     <span class='ocr_line' id='line_1_10' title="bbox 152 939 1082 1015; baseline 0.001 -20"><span class='ocrx_word' id='word_1_64' title='bbox 152 939 299 995; x_wconf 82' lang='lat' dir='ltr'><strong>Dilcrnma</strong></span> <span class='ocrx_word' id='word_1_65' title='bbox 328 948 386 995; x_wconf 87' lang='lat' dir='ltr'><strong>est:</strong></span> <span class='ocrx_word' id='word_1_66' title='bbox 418 940 626 1011; x_wconf 76' lang='lat' dir='ltr'><strong>argumentatio</strong></span> <span class='ocrx_word' id='word_1_67' title='bbox 652 946 782 995; x_wconf 79' lang='lat' dir='ltr'><strong>constans</strong></span> <span class='ocrx_word' id='word_1_68' title='bbox 804 940 1001 1015; x_wconf 82' lang='lat' dir='ltr'><strong>propositione</strong></span> <span class='ocrx_word' id='word_1_69' title='bbox 1029 939 1082 996; x_wconf 85' lang='lat' dir='ltr'><strong>dis-</strong></span> 
     </span>
     <span class='ocr_line' id='line_1_11' title="bbox 91 1027 1082 1112; baseline 0.001 -27"><span class='ocrx_word' id='word_1_70' title='bbox 91 1029 216 1085; x_wconf 82' lang='lat' dir='ltr'><strong>z&#39;anctioa</strong></span> <span class='ocrx_word' id='word_1_71' title='bbox 236 1045 270 1083; x_wconf 88' lang='lat' dir='ltr'><strong>oc</strong></span> <span class='ocrx_word' id='word_1_72' title='bbox 288 1027 397 1084; x_wconf 83' lang='lat' dir='ltr'><strong>duabus</strong></span> <span class='ocrx_word' id='word_1_73' title='bbox 409 1027 588 1103; x_wconf 79' lang='lat' dir='ltr'><strong>hypotheticis</strong></span> <span class='ocrx_word' id='word_1_74' title='bbox 609 1027 728 1096; x_wconf 82' lang='lat' dir='ltr'><strong>conexis,</strong></span> <span class='ocrx_word' id='word_1_75' title='bbox 750 1046 823 1112; x_wconf 66' lang='lat' dir='ltr'><strong>qaae</strong></span> <span class='ocrx_word' id='word_1_76' title='bbox 842 1030 942 1085; x_wconf 84' lang='lat' dir='ltr'><strong>ambae</strong></span> <span class='ocrx_word' id='word_1_77' title='bbox 961 1028 1006 1085; x_wconf 85' lang='lat' dir='ltr'><strong>od</strong></span> <span class='ocrx_word' id='word_1_78' title='bbox 1022 1047 1082 1086; x_wconf 87' lang='lat' dir='ltr'><strong>con·</strong></span> 
     </span>
     <span class='ocr_line' id='line_1_12' title="bbox 91 1116 1084 1191; baseline -0.001 -16"><span class='ocrx_word' id='word_1_79' title='bbox 91 1117 254 1175; x_wconf 84' lang='lat' dir='ltr'><strong>cludendum</strong></span> <span class='ocrx_word' id='word_1_80' title='bbox 275 1116 388 1191; x_wconf 80' lang='lat' dir='ltr'><strong>alz&#39;quid</strong></span> <span class='ocrx_word' id='word_1_81' title='bbox 404 1123 503 1174; x_wconf 88' lang='lat' dir='ltr'><strong>contra</strong></span> <span class='ocrx_word' id='word_1_82' title='bbox 523 1117 722 1175; x_wconf 84' lang='lat' dir='ltr'><strong>aduersarium</strong></span> <span class='ocrx_word' id='word_1_83' title='bbox 740 1118 911 1175; x_wconf 69' lang='lat' dir='ltr'><strong>adhibentur</strong></span> <span class='ocrx_word' id='word_1_84' title='bbox 920 1119 937 1174; x_wconf 90' lang='lat'><strong>¹.</strong></span> <span class='ocrx_word' id='word_1_85' title='bbox 973 1119 1084 1175; x_wconf 89' lang='lat' dir='ltr'><strong>Exem-</strong></span> 
     </span>
     <span class='ocr_line' id='line_1_13' title="bbox 92 1204 1083 1282; baseline 0 -19"><span class='ocrx_word' id='word_1_86' title='bbox 92 1207 174 1281; x_wconf 89' lang='lat' dir='ltr'><strong>plum</strong></span> <span class='ocrx_word' id='word_1_87' title='bbox 194 1204 362 1263; x_wconf 90' lang='lat' dir='ltr'><strong>huiusmodi</strong></span> <span class='ocrx_word' id='word_1_88' title='bbox 381 1205 645 1279; x_wconf 82' lang='lat' dir='ltr'><strong>argumentationis</strong></span> <span class='ocrx_word' id='word_1_89' title='bbox 672 1207 857 1280; x_wconf 87' lang='lat' dir='ltr'><strong>praeclarum</strong></span> <span class='ocrx_word' id='word_1_90' title='bbox 884 1206 978 1264; x_wconf 92' lang='lat' dir='ltr'><strong>habes</strong></span> <span class='ocrx_word' id='word_1_91' title='bbox 999 1206 1083 1282; x_wconf 91' lang='lat' dir='ltr'><strong>apud</strong></span> 
     </span>
     <span class='ocr_line' id='line_1_14' title="bbox 93 1294 1083 1370; baseline 0.002 -19"><span class='ocrx_word' id='word_1_92' title='bbox 93 1295 121 1352; x_wconf 90' lang='lat' dir='ltr'><strong>S.</strong></span> <span class='ocrx_word' id='word_1_93' title='bbox 145 1295 350 1368; x_wconf 79' lang='lat' dir='ltr'><strong>Augustinam,</strong></span> <span class='ocrx_word' id='word_1_94' title='bbox 380 1295 427 1352; x_wconf 93' lang='lat' dir='ltr'><strong>De</strong></span> <span class='ocrx_word' id='word_1_95' title='bbox 456 1294 574 1353; x_wconf 90' lang='lat' dir='ltr'><strong>civitate</strong></span> <span class='ocrx_word' id='word_1_96' title='bbox 603 1296 661 1353; x_wconf 92' lang='lat' dir='ltr'><strong>Dei</strong></span> <span class='ocrx_word' id='word_1_97' title='bbox 688 1296 707 1352; x_wconf 92' lang='lat' dir='ltr'><strong>l.</strong></span> <span class='ocrx_word' id='word_1_98' title='bbox 732 1298 784 1367; x_wconf 84' lang='lat'><strong>28,</strong></span> <span class='ocrx_word' id='word_1_99' title='bbox 817 1315 842 1353; x_wconf 92' lang='lat' dir='ltr'><strong>c.</strong></span> <span class='ocrx_word' id='word_1_100' title='bbox 865 1298 892 1353; x_wconf 87' lang='lat'><strong>8.</strong></span> <span class='ocrx_word' id='word_1_101' title='bbox 935 1296 985 1353; x_wconf 87' lang='lat' dir='ltr'><strong>Ad</strong></span> <span class='ocrx_word' id='word_1_102' title='bbox 1014 1314 1083 1370; x_wconf 94' lang='lat' dir='ltr'><strong>pro·</strong></span> 
     </span>
    </p>
   </div>
   <div class='ocr_carea' id='block_1_8' title="bbox 92 1383 1167 1637">
    <p class='ocr_par' dir='ltr' id='par_1_9' title="bbox 92 1383 1167 1637">
     <span class='ocr_line' id='line_1_15' title="bbox 92 1383 1167 1459; baseline 0 -17"><span class='ocrx_word' id='word_1_103' title='bbox 92 1385 224 1443; x_wconf 82' lang='lat' dir='ltr'><strong>bandum</strong></span> <span class='ocrx_word' id='word_1_104' title='bbox 254 1384 334 1442; x_wconf 90' lang='lat' dir='ltr'><strong>enim</strong></span> <span class='ocrx_word' id='word_1_105' title='bbox 364 1384 519 1442; x_wconf 89' lang='lat' dir='ltr'><strong>veritatem</strong></span> <span class='ocrx_word' id='word_1_106' title='bbox 553 1383 623 1442; x_wconf 92' lang='lat' dir='ltr'><strong>fidei</strong></span> <span class='ocrx_word' id='word_1_107' title='bbox 653 1386 819 1443; x_wconf 91' lang='lat' dir='ltr'><strong>catholicae</strong></span> <span class='ocrx_word' id='word_1_108' title='bbox 849 1385 891 1442; x_wconf 93' lang='lat' dir='ltr'><strong>sic</strong></span> <span class='ocrx_word' id='word_1_109' title='bbox 924 1384 966 1443; x_wconf 93' lang='lat' dir='ltr'><strong>ibi</strong></span> <span class='ocrx_word' id='word_1_110' title='bbox 996 1403 1083 1459; x_wconf 89' lang='lat' dir='ltr'><strong>argu-</strong></span> <span class='ocrx_word' id='word_1_111' title='bbox 1165 1432 1167 1442; x_wconf 93' lang='lat'><em>.</em></span> 
     </span>
     <span class='ocr_line' id='line_1_16' title="bbox 93 1472 1167 1549; baseline -0.001 -17"><span class='ocrx_word' id='word_1_112' title='bbox 93 1483 254 1533; x_wconf 89' lang='lat' dir='ltr'><strong>mentatur:</strong></span> <span class='ocrx_word' id='word_1_113' title='bbox 278 1472 367 1531; x_wconf 92' lang='lat' dir='ltr'><strong>Fides</strong></span> <span class='ocrx_word' id='word_1_114' title='bbox 382 1472 530 1531; x_wconf 88' lang='lat' dir='ltr'><strong>catholica</strong></span> <span class='ocrx_word' id='word_1_115' title='bbox 551 1482 601 1530; x_wconf 89' lang='lat' dir='ltr'><strong>aut</strong></span> <span class='ocrx_word' id='word_1_116' title='bbox 615 1485 781 1549; x_wconf 89' lang='lat' dir='ltr'><strong>propagata</strong></span> <span class='ocrx_word' id='word_1_117' title='bbox 803 1483 847 1531; x_wconf 91' lang='lat' dir='ltr'><strong>est</strong></span> <span class='ocrx_word' id='word_1_118' title='bbox 860 1474 1010 1531; x_wconf 89' lang='lat' dir='ltr'><strong>miraculis</strong></span> <span class='ocrx_word' id='word_1_119' title='bbox 1032 1486 1083 1531; x_wconf 89' lang='lat' dir='ltr'><strong>aut</strong></span> <span class='ocrx_word' id='word_1_120' title='bbox 1165 1478 1167 1481; x_wconf 74' lang='grc'>’</span> 
     </span>
     <span class='ocr_line' id='line_1_17' title="bbox 93 1560 1167 1637; baseline -0.002 -16"><span class='ocrx_word' id='word_1_121' title='bbox 93 1564 156 1622; x_wconf 91' lang='lat' dir='ltr'><strong>sine</strong></span> <span class='ocrx_word' id='word_1_122' title='bbox 172 1561 328 1620; x_wconf 80' lang='lat' dir='ltr'><strong>miraculis,</strong></span> <span class='ocrx_word' id='word_1_123' title='bbox 365 1561 396 1619; x_wconf 92' lang='lat' dir='ltr'><strong>Si</strong></span> <span class='ocrx_word' id='word_1_124' title='bbox 410 1560 547 1636; x_wconf 84' lang='lat' dir='ltr'><strong>primum,</strong></span> <span class='ocrx_word' id='word_1_125' title='bbox 563 1580 637 1637; x_wconf 90' lang='lat' dir='ltr'><strong>ergo</strong></span> <span class='ocrx_word' id='word_1_126' title='bbox 651 1580 723 1620; x_wconf 89' lang='lat' dir='ltr'><strong>vera</strong></span> <span class='ocrx_word' id='word_1_127' title='bbox 737 1572 790 1633; x_wconf 92' lang='lat' dir='ltr'><strong>est,</strong></span> <span class='ocrx_word' id='word_1_128' title='bbox 812 1572 915 1637; x_wconf 90' lang='lat' dir='ltr'><strong>utpote</strong></span> <span class='ocrx_word' id='word_1_129' title='bbox 931 1562 1083 1620; x_wconf 87' lang='lat' dir='ltr'><strong>miraculis</strong></span> <span class='ocrx_word' id='word_1_130' title='bbox 1165 1592 1167 1606; x_wconf 90' lang='lat'><em>=</em></span> 
     </span>
    </p>
   </div>
   <div class='ocr_carea' id='block_1_9' title="bbox 92 1649 1085 3154">
    <p class='ocr_par' dir='ltr' id='par_1_10' title="bbox 93 1649 1083 1907">
     <span class='ocr_line' id='line_1_18' title="bbox 94 1649 1081 1722; baseline -0.002 -13"><span class='ocrx_word' id='word_1_131' title='bbox 94 1654 277 1710; x_wconf 87' lang='lat' dir='ltr'><strong>confirmata.</strong></span> <span class='ocrx_word' id='word_1_132' title='bbox 320 1649 350 1708; x_wconf 89' lang='lat' dir='ltr'><strong>Si</strong></span> <span class='ocrx_word' id='word_1_133' title='bbox 377 1651 517 1721; x_wconf 87' lang='lat' dir='ltr'><strong>alterum,</strong></span> <span class='ocrx_word' id='word_1_134' title='bbox 548 1651 607 1708; x_wconf 92' lang='lat' dir='ltr'><strong>hoc</strong></span> <span class='ocrx_word' id='word_1_135' title='bbox 635 1650 795 1708; x_wconf 86' lang='lat' dir='ltr'><strong>maximum</strong></span> <span class='ocrx_word' id='word_1_136' title='bbox 823 1652 997 1710; x_wconf 90' lang='lat' dir='ltr'><strong>miraculum</strong></span> <span class='ocrx_word' id='word_1_137' title='bbox 1027 1663 1081 1722; x_wconf 88' lang='lat' dir='ltr'><strong>est,</strong></span> 
     </span>
     <span class='ocr_line' id='line_1_19' title="bbox 95 1739 1083 1817; baseline 0 -18"><span class='ocrx_word' id='word_1_138' title='bbox 95 1741 176 1817; x_wconf 90' lang='lat' dir='ltr'><strong>quod</strong></span> <span class='ocrx_word' id='word_1_139' title='bbox 206 1742 248 1799; x_wconf 91' lang='lat' dir='ltr'><strong>sic</strong></span> <span class='ocrx_word' id='word_1_140' title='bbox 275 1749 441 1816; x_wconf 89' lang='lat' dir='ltr'><strong>propagata</strong></span> <span class='ocrx_word' id='word_1_141' title='bbox 471 1751 522 1798; x_wconf 89' lang='lat' dir='ltr'><strong>est.</strong></span> <span class='ocrx_word' id='word_1_142' title='bbox 565 1742 647 1815; x_wconf 84' lang='lat' dir='ltr'><strong>Ergo</strong></span> <span class='ocrx_word' id='word_1_143' title='bbox 674 1739 705 1797; x_wconf 92' lang='lat' dir='ltr'><strong>in</strong></span> <span class='ocrx_word' id='word_1_144' title='bbox 733 1739 816 1798; x_wconf 90' lang='lat' dir='ltr'><strong>omni</strong></span> <span class='ocrx_word' id='word_1_145' title='bbox 843 1760 913 1799; x_wconf 89' lang='lat' dir='ltr'><strong>casu</strong></span> <span class='ocrx_word' id='word_1_146' title='bbox 940 1741 1083 1799; x_wconf 89' lang='lat' dir='ltr'><strong>divinitus</strong></span> 
     </span>
     <span class='ocr_line' id='line_1_20' title="bbox 93 1838 333 1907; baseline 0 -19"><span class='ocrx_word' id='word_1_147' title='bbox 93 1842 261 1907; x_wconf 87' lang='lat' dir='ltr'><strong>propagata</strong></span> <span class='ocrx_word' id='word_1_148' title='bbox 281 1838 333 1888; x_wconf 89' lang='lat' dir='ltr'><strong>est.</strong></span> 
     </span>
    </p>

    <p class='ocr_par' dir='ltr' id='par_1_11' title="bbox 152 1919 998 1995">
     <span class='ocr_line' id='line_1_21' title="bbox 152 1919 998 1995; baseline -0.002 -17"><span class='ocrx_word' id='word_1_149' title='bbox 152 1922 210 1978; x_wconf 90' lang='lat' dir='ltr'><strong>Pro</strong></span> <span class='ocrx_word' id='word_1_150' title='bbox 232 1919 409 1978; x_wconf 87' lang='lat' dir='ltr'><strong>rectitudine</strong></span> <span class='ocrx_word' id='word_1_151' title='bbox 430 1919 515 1977; x_wconf 91' lang='lat' dir='ltr'><strong>huius</strong></span> <span class='ocrx_word' id='word_1_152' title='bbox 537 1920 802 1994; x_wconf 88' lang='lat' dir='ltr'><strong>argumentationis</strong></span> <span class='ocrx_word' id='word_1_153' title='bbox 823 1921 998 1995; x_wconf 87' lang='lat' dir='ltr'><strong>requiritur:</strong></span> 
     </span>
    </p>

    <p class='ocr_par' dir='ltr' id='par_1_12' title="bbox 92 2007 1085 2606">
     <span class='ocr_line' id='line_1_22' title="bbox 154 2007 1083 2084; baseline -0.001 -17"><span class='ocrx_word' id='word_1_154' title='bbox 154 2019 196 2080; x_wconf 87' lang='lat'><strong>1⁰,</strong></span> <span class='ocrx_word' id='word_1_155' title='bbox 226 2020 256 2067; x_wconf 93' lang='lat' dir='ltr'><strong>ut</strong></span> <span class='ocrx_word' id='word_1_156' title='bbox 284 2010 457 2066; x_wconf 83' lang='lat' dir='ltr'><strong>enurrreratio</strong></span> <span class='ocrx_word' id='word_1_157' title='bbox 485 2007 614 2084; x_wconf 89' lang='lat' dir='ltr'><strong>partium</strong></span> <span class='ocrx_word' id='word_1_158' title='bbox 642 2009 854 2084; x_wconf 90' lang='lat' dir='ltr'><strong>propositionis</strong></span> <span class='ocrx_word' id='word_1_159' title='bbox 884 2009 1083 2068; x_wconf 86' lang='lat' dir='ltr'><strong>disiunctivae</strong></span> 
     </span>
     <span class='ocr_line' id='line_1_23' title="bbox 92 2097 1085 2176; baseline -0.003 -19"><span class='ocrx_word' id='word_1_160' title='bbox 92 2099 128 2158; x_wconf 91' lang='lat' dir='ltr'><strong>sit</strong></span> <span class='ocrx_word' id='word_1_161' title='bbox 158 2099 307 2176; x_wconf 84' lang='lat' dir='ltr'><strong>completa:</strong></span> <span class='ocrx_word' id='word_1_162' title='bbox 344 2098 477 2173; x_wconf 91' lang='lat' dir='ltr'><strong>alioquin</strong></span> <span class='ocrx_word' id='word_1_163' title='bbox 507 2097 537 2154; x_wconf 92' lang='lat' dir='ltr'><strong>in</strong></span> <span class='ocrx_word' id='word_1_164' title='bbox 568 2098 762 2156; x_wconf 87' lang='lat' dir='ltr'><strong>conclusione</strong></span> <span class='ocrx_word' id='word_1_165' title='bbox 792 2119 849 2156; x_wconf 86' lang='lat' dir='ltr'><strong>non</strong></span> <span class='ocrx_word' id='word_1_166' title='bbox 875 2106 947 2156; x_wconf 88' lang='lat' dir='ltr'><strong>recte</strong></span> <span class='ocrx_word' id='word_1_167' title='bbox 973 2099 1085 2156; x_wconf 87' lang='lat' dir='ltr'><strong>dicitur</strong></span> 
     </span>
     <span class='ocr_line' id='line_1_24' title="bbox 96 2188 1085 2264; baseline -0.001 -17"><span class='ocrx_word' id='word_1_168' title='bbox 96 2207 185 2264; x_wconf 92' lang='lat' dir='ltr'><strong>«ergo</strong></span> <span class='ocrx_word' id='word_1_169' title='bbox 206 2189 237 2247; x_wconf 88' lang='lat' dir='ltr'><strong>in</strong></span> <span class='ocrx_word' id='word_1_170' title='bbox 258 2190 335 2246; x_wconf 84' lang='lat' dir='ltr'><strong>amni</strong></span> <span class='ocrx_word' id='word_1_171' title='bbox 353 2205 446 2246; x_wconf 77' lang='lat' dir='ltr'><strong>casa».</strong></span> <span class='ocrx_word' id='word_1_172' title='bbox 489 2188 603 2246; x_wconf 89' lang='lat' dir='ltr'><strong>Contra</strong></span> <span class='ocrx_word' id='word_1_173' title='bbox 623 2189 702 2246; x_wconf 86' lang='lat' dir='ltr'><strong>hanc</strong></span> <span class='ocrx_word' id='word_1_174' title='bbox 715 2189 849 2263; x_wconf 90' lang='lat' dir='ltr'><strong>regulam</strong></span> <span class='ocrx_word' id='word_1_175' title='bbox 869 2198 977 2264; x_wconf 88' lang='lat' dir='ltr'><strong>peccat</strong></span> <span class='ocrx_word' id='word_1_176' title='bbox 998 2205 1085 2263; x_wconf 87' lang='lat' dir='ltr'><strong>prae·</strong></span> 
     </span>
     <span class='ocr_line' id='line_1_25' title="bbox 93 2276 1082 2352; baseline 0 -16"><span class='ocrx_word' id='word_1_177' title='bbox 93 2280 205 2337; x_wconf 89' lang='lat' dir='ltr'><strong>clarum</strong></span> <span class='ocrx_word' id='word_1_178' title='bbox 235 2278 307 2336; x_wconf 92' lang='lat' dir='ltr'><strong>illud</strong></span> <span class='ocrx_word' id='word_1_179' title='bbox 339 2277 420 2352; x_wconf 92' lang='lat' dir='ltr'><strong>quod</strong></span> <span class='ocrx_word' id='word_1_180' title='bbox 452 2278 546 2335; x_wconf 90' lang='lat' dir='ltr'><strong>Omar</strong></span> <span class='ocrx_word' id='word_1_181' title='bbox 576 2276 666 2336; x_wconf 85' lang='lat' dir='ltr'><strong>califo</strong></span> <span class='ocrx_word' id='word_1_182' title='bbox 696 2277 831 2336; x_wconf 90' lang='lat' dir='ltr'><strong>tribuitur</strong></span> <span class='ocrx_word' id='word_1_183' title='bbox 862 2288 1082 2352; x_wconf 89' lang='lat' dir='ltr'><strong>argumentum.</strong></span> 
     </span>
     <span class='ocr_line' id='line_1_26' title="bbox 92 2365 1084 2443; baseline 0 -19"><span class='ocrx_word' id='word_1_184' title='bbox 92 2370 309 2443; x_wconf 89' lang='lat' dir='ltr'><strong>Interrogatum</strong></span> <span class='ocrx_word' id='word_1_185' title='bbox 340 2367 467 2438; x_wconf 89' lang='lat' dir='ltr'><strong>scilicet,</strong></span> <span class='ocrx_word' id='word_1_186' title='bbox 499 2365 571 2441; x_wconf 93' lang='lat' dir='ltr'><strong>quid</strong></span> <span class='ocrx_word' id='word_1_187' title='bbox 600 2368 639 2426; x_wconf 91' lang='lat' dir='ltr'><strong>de</strong></span> <span class='ocrx_word' id='word_1_188' title='bbox 664 2366 869 2426; x_wconf 86' lang='lat' dir='ltr'><strong>Alexandrina</strong></span> <span class='ocrx_word' id='word_1_189' title='bbox 896 2367 947 2424; x_wconf 89' lang='lat' dir='ltr'><strong>illa</strong></span> <span class='ocrx_word' id='word_1_190' title='bbox 976 2366 1084 2425; x_wconf 92' lang='lat' dir='ltr'><strong>biblio-</strong></span> 
     </span>
     <span class='ocr_line' id='line_1_27' title="bbox 92 2456 1083 2532; baseline 0 -18"><span class='ocrx_word' id='word_1_191' title='bbox 92 2458 178 2515; x_wconf 88' lang='lat' dir='ltr'><strong>theca</strong></span> <span class='ocrx_word' id='word_1_192' title='bbox 200 2457 370 2515; x_wconf 88' lang='lat' dir='ltr'><strong>facicndum</strong></span> <span class='ocrx_word' id='word_1_193' title='bbox 392 2465 476 2528; x_wconf 89' lang='lat' dir='ltr'><strong>esset,</strong></span> <span class='ocrx_word' id='word_1_194' title='bbox 499 2457 558 2514; x_wconf 94' lang='lat' dir='ltr'><strong>hoc</strong></span> <span class='ocrx_word' id='word_1_195' title='bbox 580 2456 751 2515; x_wconf 87' lang='lat' dir='ltr'><strong>dilemmate</strong></span> <span class='ocrx_word' id='word_1_196' title='bbox 772 2457 869 2532; x_wconf 89' lang='lat' dir='ltr'><strong>ipsum</strong></span> <span class='ocrx_word' id='word_1_197' title='bbox 888 2456 1083 2532; x_wconf 89' lang='lat' dir='ltr'><strong>respondisse</strong></span> 
     </span>
     <span class='ocr_line' id='line_1_28' title="bbox 92 2548 201 2606; baseline 0 -2"><span class='ocrx_word' id='word_1_198' title='bbox 92 2548 201 2606; x_wconf 86' lang='lat' dir='ltr'><strong>ferunt:</strong></span> 
     </span>
    </p>

    <p class='ocr_par' dir='ltr' id='par_1_13' title="bbox 93 2634 1082 2888">
     <span class='ocr_line' id='line_1_29' title="bbox 154 2634 1082 2710; baseline 0.001 -17"><span class='ocrx_word' id='word_1_199' title='bbox 154 2639 211 2694; x_wconf 91' lang='lat' dir='ltr'><strong>Vel</strong></span> <span class='ocrx_word' id='word_1_200' title='bbox 239 2636 306 2695; x_wconf 89' lang='lat' dir='ltr'><strong>libri</strong></span> <span class='ocrx_word' id='word_1_201' title='bbox 333 2635 418 2693; x_wconf 91' lang='lat' dir='ltr'><strong>huius</strong></span> <span class='ocrx_word' id='word_1_202' title='bbox 446 2635 648 2694; x_wconf 86' lang='lat' dir='ltr'><strong>bibliothecae</strong></span> <span class='ocrx_word' id='word_1_203' title='bbox 676 2635 782 2694; x_wconf 88' lang='lat' dir='ltr'><strong>eadem</strong></span> <span class='ocrx_word' id='word_1_204' title='bbox 806 2634 962 2694; x_wconf 85' lang='lat' dir='ltr'><strong>continent</strong></span> <span class='ocrx_word' id='word_1_205' title='bbox 991 2647 1082 2710; x_wconf 88' lang='lat' dir='ltr'><strong>atque</strong></span> 
     </span>
     <span class='ocr_line' id='line_1_30' title="bbox 93 2724 1082 2799; baseline -0.003 -15"><span class='ocrx_word' id='word_1_206' title='bbox 93 2729 292 2798; x_wconf 84' lang='lat' dir='ltr'><strong>Alcoranum,</strong></span> <span class='ocrx_word' id='word_1_207' title='bbox 321 2727 368 2783; x_wconf 92' lang='lat' dir='ltr'><strong>vel</strong></span> <span class='ocrx_word' id='word_1_208' title='bbox 390 2725 547 2782; x_wconf 88' lang='lat' dir='ltr'><strong>contraria.</strong></span> <span class='ocrx_word' id='word_1_209' title='bbox 592 2724 622 2781; x_wconf 90' lang='lat' dir='ltr'><strong>Si</strong></span> <span class='ocrx_word' id='word_1_210' title='bbox 650 2725 772 2795; x_wconf 89' lang='lat' dir='ltr'><strong>eadem,</strong></span> <span class='ocrx_word' id='word_1_211' title='bbox 800 2724 919 2782; x_wconf 88' lang='lat' dir='ltr'><strong>inutiles</strong></span> <span class='ocrx_word' id='word_1_212' title='bbox 943 2737 1029 2799; x_wconf 78' lang='lat' dir='ltr'><strong>sunt3</strong></span> <span class='ocrx_word' id='word_1_213' title='bbox 1057 2724 1082 2782; x_wconf 90' lang='lat' dir='ltr'><strong>si</strong></span> 
     </span>
     <span class='ocr_line' id='line_1_31' title="bbox 94 2813 1080 2888; baseline 0 -16"><span class='ocrx_word' id='word_1_214' title='bbox 94 2815 256 2886; x_wconf 88' lang='lat' dir='ltr'><strong>contraria,</strong></span> <span class='ocrx_word' id='word_1_215' title='bbox 286 2826 353 2873; x_wconf 91' lang='lat' dir='ltr'><strong>sunt</strong></span> <span class='ocrx_word' id='word_1_216' title='bbox 372 2814 481 2872; x_wconf 90' lang='lat' dir='ltr'><strong>nocivi.</strong></span> <span class='ocrx_word' id='word_1_217' title='bbox 525 2817 607 2888; x_wconf 88' lang='lat' dir='ltr'><strong>Ergo</strong></span> <span class='ocrx_word' id='word_1_218' title='bbox 636 2814 762 2872; x_wconf 89' lang='lat' dir='ltr'><strong>flammis</strong></span> <span class='ocrx_word' id='word_1_219' title='bbox 786 2824 854 2872; x_wconf 89' lang='lat' dir='ltr'><strong>sunt</strong></span> <span class='ocrx_word' id='word_1_220' title='bbox 874 2813 1080 2872; x_wconf 89' lang='lat' dir='ltr'><strong>comburendi.</strong></span> 
     </span>
    </p>

    <p class='ocr_par' dir='ltr' id='par_1_14' title="bbox 94 2903 1082 3154">
     <span class='ocr_line' id='line_1_32' title="bbox 156 2903 1082 2977; baseline 0 -17"><span class='ocrx_word' id='word_1_221' title='bbox 156 2912 201 2975; x_wconf 86' lang='lat'><strong>2⁰,</strong></span> <span class='ocrx_word' id='word_1_222' title='bbox 232 2914 262 2961; x_wconf 90' lang='lat' dir='ltr'><strong>ut</strong></span> <span class='ocrx_word' id='word_1_223' title='bbox 283 2903 490 2963; x_wconf 89' lang='lat' dir='ltr'><strong>conclusiones</strong></span> <span class='ocrx_word' id='word_1_224' title='bbox 512 2903 693 2977; x_wconf 92' lang='lat' dir='ltr'><strong>singulorum</strong></span> <span class='ocrx_word' id='word_1_225' title='bbox 723 2904 927 2962; x_wconf 91' lang='lat' dir='ltr'><strong>membrorum</strong></span> <span class='ocrx_word' id='word_1_226' title='bbox 954 2912 985 2961; x_wconf 89' lang='lat' dir='ltr'><strong>et</strong></span> <span class='ocrx_word' id='word_1_227' title='bbox 1011 2921 1082 2960; x_wconf 93' lang='lat' dir='ltr'><strong>con·</strong></span> 
     </span>
     <span class='ocr_line' id='line_1_33' title="bbox 94 2991 1081 3066; baseline -0.002 -16"><span class='ocrx_word' id='word_1_228' title='bbox 94 2993 187 3050; x_wconf 87' lang='lat' dir='ltr'><strong>clusio</strong></span> <span class='ocrx_word' id='word_1_229' title='bbox 208 2994 355 3066; x_wconf 88' lang='lat' dir='ltr'><strong>generalis</strong></span> <span class='ocrx_word' id='word_1_230' title='bbox 370 2995 541 3050; x_wconf 81' lang='lat' dir='ltr'><strong>necessariae</strong></span> <span class='ocrx_word' id='word_1_231' title='bbox 554 2991 611 3049; x_wconf 89' lang='lat' dir='ltr'><strong>sint</strong></span> <span class='ocrx_word' id='word_1_232' title='bbox 631 3003 661 3049; x_wconf 92' lang='lat' dir='ltr'><strong>et</strong></span> <span class='ocrx_word' id='word_1_233' title='bbox 674 2995 767 3050; x_wconf 86' lang='lat' dir='ltr'><strong>stricte</strong></span> <span class='ocrx_word' id='word_1_234' title='bbox 780 2992 926 3061; x_wconf 64' lang='lat' dir='ltr'><strong>detractae·</strong></span> <span class='ocrx_word' id='word_1_235' title='bbox 947 2991 1081 3066; x_wconf 89' lang='lat' dir='ltr'><strong>alioquin</strong></span> 
     </span>
     <span class='ocr_line' id='line_1_34' title="bbox 95 3078 1082 3154; baseline 0.001 -19"><span class='ocrx_word' id='word_1_236' title='bbox 95 3090 300 3152; x_wconf 89' lang='lat' dir='ltr'><strong>argumentum</strong></span> <span class='ocrx_word' id='word_1_237' title='bbox 335 3082 494 3153; x_wconf 79' lang='lat' dir='ltr'><strong>retorqueri</strong></span> <span class='ocrx_word' id='word_1_238' title='bbox 526 3089 633 3154; x_wconf 89' lang='lat' dir='ltr'><strong>potest.</strong></span> <span class='ocrx_word' id='word_1_239' title='bbox 686 3078 735 3137; x_wconf 87' lang='lat' dir='ltr'><strong>Sic</strong></span> <span class='ocrx_word' id='word_1_240' title='bbox 769 3097 897 3153; x_wconf 90' lang='lat' dir='ltr'><strong>sequens</strong></span> <span class='ocrx_word' id='word_1_241' title='bbox 926 3098 1082 3154; x_wconf 86' lang='lat' dir='ltr'><strong>argumen-</strong></span> 
     </span>
    </p>
   </div>
   <div class='ocr_carea' id='block_1_10' title="bbox 157 3268 991 3338">
    <p class='ocr_par' dir='ltr' id='par_1_15' title="bbox 157 3268 991 3338">
     <span class='ocr_line' id='line_1_35' title="bbox 157 3268 991 3338; baseline 0.007 -21"><span class='ocrx_word' id='word_1_242' title='bbox 157 3268 166 3300; x_wconf 93' lang='lat'>¹</span> <span class='ocrx_word' id='word_1_243' title='bbox 184 3269 248 3317; x_wconf 89' lang='lat' dir='ltr'><strong>Inde</strong></span> <span class='ocrx_word' id='word_1_244' title='bbox 266 3269 340 3316; x_wconf 81' lang='lat' dir='ltr'><strong>facile</strong></span> <span class='ocrx_word' id='word_1_245' title='bbox 359 3272 500 3334; x_wconf 89' lang='lat' dir='ltr'><strong>cognoscis,</strong></span> <span class='ocrx_word' id='word_1_246' title='bbox 520 3273 581 3335; x_wconf 92' lang='lat' dir='ltr'><strong>quid</strong></span> <span class='ocrx_word' id='word_1_247' title='bbox 600 3274 633 3322; x_wconf 92' lang='lat' dir='ltr'><strong>sit</strong></span> <span class='ocrx_word' id='word_1_248' title='bbox 652 3274 781 3333; x_wconf 90' lang='lat' dir='ltr'><strong>trilemma,</strong></span> <span class='ocrx_word' id='word_1_249' title='bbox 800 3274 991 3338; x_wconf 83' lang='lat' dir='ltr'><strong>quadrilemma.</strong></span> 
     </span>
    </p>
   </div>
   <div class='ocr_carea' id='block_1_11' title="bbox 0 0 1185 3700">
    <p class='ocr_par' dir='ltr' id='par_1_16' title="bbox 0 0 1185 3700">
     <span class='ocr_line' id='line_1_36' title="bbox 0 0 1185 3700; baseline 0 0"><span class='ocrx_word' id='word_1_250' title='bbox 0 0 1185 3700; x_wconf 95' lang='lat' dir='ltr'><strong> </strong></span> 
     </span>
    </p>
   </div>
  </div>
 </body>
</html>
