2350 3700
311 174 349 209 Du
369 173 553 210 SYLLOGISMIS
573 173 792 211 HYPOTHETICIS.
1007 162 1037 212 81

49 339 120 390 mos,
143 339 179 377 ex
192 322 292 396 quibem
306 324 495 397 componitur:
515 322 621 395 singuli
632 322 730 379 deinde
742 322 896 396 syllogismi
900 324 1043 397 partiales

48 411 204 467 secundum
223 412 337 484 regulos
356 414 554 469 examinentur
573 418 602 467 et
619 413 807 469 uestinuntur.

113 499 341 557 Exercitationis
361 519 450 559 causa
463 500 522 559 sint
535 500 565 557 hi
580 500 641 559 duo
660 500 821 575 syllogismi
835 501 1041 559 examinandi:

117 609 142 646 1.
165 590 230 647 Ens
251 588 365 649 infinite
386 590 553 664 perfectum
574 591 671 648 solum
692 599 736 648 est
757 600 920 650 aeternum.

165 678 260 753 Atqui
281 679 360 737 solus
380 680 463 737 Deus
484 690 529 737 est
549 698 603 737 ens
623 678 736 737 infinite
758 681 932 754 perfectum.

166 768 251 841 Ergo
272 769 350 825 solus
371 769 454 827 Deus
475 779 520 826 est
541 779 687 827 aeternus.

114 876 141 913 2.
159 855 276 915 Omnes
291 856 427 932 discipuli
437 856 644 933 philosophiae
659 857 863 916 studiosissimi
877 858 1043 933 praemium

210 945 385 1019 percipient.
450 1006 452 1011 ,

165 1033 260 1109 Atqui
281 1052 386 1093 omnes
407 1044 525 1110 praeter
539 1036 686 1094 Ioannem
706 1047 773 1093 sunt
793 1034 929 1111 discipuli
951 1035 1043 1111 philo·

209 1123 333 1199 sophiae
354 1123 565 1183 studiosissimi.

168 1214 251 1289 Ergo
270 1232 375 1272 omnes
396 1224 514 1289 praeter
528 1215 674 1272 Ioannem
688 1214 853 1288 praemium
867 1213 1042 1289 percipient.

114 1304 154 1361 ΙΙ.
179 1305 214 1360 In
236 1302 489 1379 propositionibus
510 1303 700 1377 compositis,
722 1303 898 1379 praesertim
919 1321 991 1362 vero
1012 1305 1044 1361 in

52 1394 215 1468 complexis,
237 1393 375 1467 quidquid
391 1400 433 1450 est
451 1392 484 1449 de
504 1402 639 1459 terminis,
660 1393 826 1449 attendatur
845 1392 887 1449 ud
904 1403 990 1460 ideas,
1014 1404 1045 1450 ut

5 1498 12 1515 ’·
51 1480 263 1556 perspiciatur,
286 1481 422 1557 quisnam
435 1481 558 1556 proprie
572 1482 609 1539 sit
621 1481 765 1539 terminus
778 1481 902 1551 medius,
922 1482 1044 1557 quinam

51 1570 178 1628 termini
199 1570 331 1629 extremi.

116 1661 236 1735 Regula
243 1660 310 1719 erit:
319 1660 503 1717 Reducuntur
511 1661 556 1717 illi
560 1678 653 1717 omnus
658 1660 701 1717 ad
700 1660 832 1733 formum
838 1662 1047 1737 simpliciorem:

52 1751 83 1807 Α
94 1758 138 1807 est
150 1751 198 1807 vel
205 1770 260 1807 nou
274 1758 315 1807 est
322 1751 362 1819 B,
377 1757 405 1805 et
417 1752 615 1807 examinentur
627 1749 774 1807 seeundum
787 1750 907 1822 regulos.
931 1750 992 1807 Sub
1006 1751 1046 1806 lu-

52 1839 139 1898 mine
154 1859 225 1898 vero
239 1839 324 1898 huius
338 1840 458 1915 regulae
475 1850 634 1914 sequentes
648 1837 853 1897 examinentur
867 1838 1044 1914 syllogismi:

122 1950 147 1986 1.
171 1931 252 1987 Deus
273 1931 367 1987 salvat
388 1947 502 2001 omnes,
526 1947 601 2004 quos
622 1928 861 2004 praedestinavit.

171 2019 263 2093 Atqui
284 2021 367 2077 Deus
387 2018 493 2076 Iudam
513 2034 575 2075 non
598 2016 838 2093 praedestinavit.

172 2111 254 2183 Ergo
277 2108 381 2166 Iudam
403 2109 485 2166 Deus
505 2125 568 2164 non
590 2108 691 2165 salvat.

121 2219 148 2256 2.
172 2197 279 2257 Omnis
289 2197 340 2272 qui
354 2196 427 2255 dicit
436 2199 555 2254 Petrum
570 2215 635 2254 esse
645 2195 836 2271 baptizatum,
852 2214 955 2254 verum
965 2195 1045 2253 dicit.

171 2286 264 2361 Atqui
294 2285 390 2344 omnis
421 2285 472 2360 qui
501 2285 573 2343 dicit
600 2288 720 2343 Petrum
749 2290 815 2344 'esse
845 2284 1045 2354 christianum,

212 2375 285 2434 dicit
305 2377 425 2432 Petrum
446 2393 510 2434 esse
533 2374 723 2449 baptizatum.

174 2467 256 2540 Ergo
286 2464 383 2523 omnis
413 2464 464 2538 qui
499 2462 571 2522 dicit
601 2464 720 2521 Petrum
751 2481 814 2521 esse
845 2463 1046 2533 christianum,

212 2572 315 2612 verum
337 2553 416 2612 dicit.
1083 2545 1085 2547 ¹

119 2663 146 2718 3.
171 2643 321 2702 Animalia
340 2645 427 2700 bruta
447 2660 509 2700 non
531 2652 598 2702 sunt
618 2641 658 2713 id,
680 2641 763 2717 quod
783 2659 839 2698 nos
860 2658 967 2698 sumus

173 2732 266 2808 Atqui
287 2750 343 2790 nos
364 2750 462 2790 sumus
483 2731 651 2789 rationales.

172 2823 254 2896 Ergo
275 2819 415 2878 animalia
435 2821 521 2878 bruta
542 2838 605 2877 non
626 2829 694 2876 sunt
714 2817 878 2877 rationalia.

447 2953 615 3000 Aurrcoius
635 2964 665 3000 11.

259 3051 307 3099 DE
326 3049 560 3099 SYLLOGISMIS
579 3014 851 3096 HYPOTHETICIS.

324 3161 342 3228 ξ
364 3177 385 3214 1;
415 3167 459 3213 De
477 3164 646 3226 syllogismo
667 3176 786 3211 conexo.

107 3275 146 3330 .Ι.
177 3271 255 3329 Cum
275 3269 441 3345 propositio
470 3285 585 3326 conexa
613 3265 746 3322 enuntiet
773 3281 882 3320 nexum
904 3256 1050 3319 eiusmodi

61 3363 141 3420 inter
172 3359 356 3418 antecedens
386 3367 416 3414 et
446 3371 650 3426 consequens,
680 3360 712 3406 ut
739 3351 863 3406 alterum
891 3350 928 3403 ab
957 3350 1058 3402 altero

118 3460 312 3508 Retnstadtem
329 3459 397 3498 Elem.
414 3457 491 3506 philos.
509 3453 575 3491 schol.
876 3442 892 3485 6
