2350 3700
143 138 192 197 198
516 149 751 187 narnonouoors.

140 296 278 357 stinatum
300 297 353 373 sit3
373 298 421 357 vel
442 317 479 357 ex
497 316 588 356 causa
602 297 719 356 formali
733 296 907 368 extrinseca,
930 298 1012 372 quod
1028 313 1128 355 omnes

140 386 209 446 artis
230 389 350 462 regulae
371 398 505 446 servatae
526 385 636 445 fuerint
656 386 687 444 in
709 386 771 445 eius
793 386 993 447 confectione.
1161 462 1162 465 Ἴ

200 479 276 535 Item
297 478 396 535 Deum
417 494 482 535 esse
503 475 768 553 sapientissimum,
790 477 933 552 probatur
954 494 992 534 ex
1012 476 1129 546 effectu,
1161 472 1162 487 ³

141 565 224 642 quod
244 566 389 625 mundum
409 577 470 625 tam
491 566 601 624 eximio
622 564 729 625 ordine
749 566 895 625 nitentem
915 564 1035 624 creavit.

200 656 253 713 III.
283 654 314 713 Si
333 671 434 731 neque
454 655 485 713 in
506 654 577 727 illis,
610 672 688 731 quae
716 674 784 714 cum
811 674 844 714 re
866 664 933 712 sunt
960 656 1130 725 coniuncta,

142 744 301 803 commode
322 753 528 819 argumentum
550 744 678 803 inveniri
699 753 805 819 potest,
827 753 898 802 tunc
918 744 949 801 in
966 743 1031 815 illis,
1054 762 1132 818 quae

141 854 160 892 a
189 851 221 891 re
251 844 319 892 sunt
347 833 501 905 disiuncta,
536 832 653 892 medius
686 832 828 891 terminus
858 843 902 891 est
931 832 1131 906 quaerendus.

141 922 227 981 Talia
247 940 320 981 vero
341 920 488 981 disiuncta
508 932 591 981 sunt:
616 920 730 992 similia,
753 920 912 993 dissimilia,
934 920 1059 993 maiora,
1082 922 1133 979 mi-

140 1029 224 1082 nora,
246 1010 338 1087 paria.
378 1012 448 1084 Qua
467 1010 499 1069 in
520 1028 552 1069 re
573 1011 650 1069 inter
671 1010 730 1067 alia
749 1010 826 1068 haec
846 1010 946 1069 valent
966 1010 1131 1087 principia:

144 1100 231 1174 Quod
254 1100 288 1157 dc
313 1119 370 1158 uno
396 1100 528 1158 similaiam
555 1100 646 1169 valet,
675 1100 752 1157 valet
777 1106 806 1156 et
831 1099 865 1156 dc
891 1101 987 1157 ceteris
1007 1130 1048 1139 -
1069 1102 1133 1158 Par

135 1191 255 1266 parium
275 1197 317 1247 cst
335 1189 412 1246 ratio
434 1219 468 1228 -
491 1188 526 1247 Si
544 1189 590 1256 id,
618 1189 696 1263 quod
718 1188 900 1247 verisimilius
926 1188 1046 1259 alcitur,
1076 1210 1131 1248 non

141 1285 183 1336 est
201 1297 312 1347 aarum,
342 1296 430 1353 neque
449 1278 484 1335 id
498 1296 597 1336 acrum
617 1280 687 1347 erit,
715 1278 793 1352 quod
809 1278 901 1335 minus
921 1279 1035 1335 videtur
1062 1282 1131 1338 veri·

141 1368 232 1426 simile
251 1362 438 1443 (argumenta
457 1362 646 1443 probabilia).
688 1367 754 1425 Sic:

206 1477 230 1515 1.
261 1457 290 1513 A
311 1458 399 1514 sinu‘lz'
416 1457 464 1515 vel
485 1474 540 1531 per
560 1456 730 1531 analogiam
752 1465 974 1533 argumentatur
1002 1458 1070 1532 qui,
1102 1470 1133 1516 ut

141 1546 249 1622 probet
263 1545 393 1604 animam
408 1556 540 1604 nostram
553 1557 688 1603 sanctam
703 1564 767 1605 esse
782 1546 903 1617 debere,
924 1558 1133 1622 argumentum

142 1636 229 1693 sumit
249 1654 286 1693 ex
307 1636 369 1693 eius
389 1634 578 1694 similitudine
600 1653 668 1706 cum
696 1636 828 1712 templis,
860 1634 891 1692 in
919 1634 1027 1710 quibus
1048 1638 1133 1695 Deus

142 1723 263 1782 habitat.

204 1834 230 1873 a.
252 1813 281 1870 A
302 1813 408 1872 matari
425 1813 482 1883 vel,
504 1821 535 1871 ut
557 1813 646 1885 aiunt,
669 1833 687 1872 a
706 1812 821 1873 fortiori
836 1823 1059 1890 argumentatur
1080 1814 1135 1890 qui
1161 1826 1162 1845 l

142 1902 229 1962 dicit:
253 1901 284 1961 Si
304 1902 335 1960 in
350 1901 467 1974 divitiis,
489 1902 636 1962 adiunctis
650 1902 739 1961 etiam
753 1903 916 1962 honoribus
931 1913 961 1962 et
975 1914 1136 1980 potestate,

141 2010 204 2050 non
225 2002 270 2050 est
289 2010 436 2050 summurn
456 1992 579 2064 bonum,
603 1992 757 2067 quomodo
778 1992 843 2050 fieri
863 2003 969 2068 potest,
991 2003 1023 2050 ut
1044 1993 1078 2051 in
1092 1995 1138 2052 di-

142 2080 219 2140 vitiis
240 2080 370 2139 hominis
390 2081 509 2140 obscuri
530 2091 560 2140 et
580 2081 687 2157 privati
708 2081 794 2140 situm
815 2082 869 2140 sit?

203 2189 230 2244 3.
252 2170 299 2228 Ab
318 2171 433 2246 aequali
450 2172 510 2242 vel,
539 2181 572 2229 ut
592 2170 688 2241 aiunt,
711 2190 730 2228 o
744 2172 819 2246 pari
837 2182 1059 2247 argumentatur
1082 2173 1137 2247 qui

142 2259 230 2318 dicit:
259 2260 346 2333 Quae
374 2277 474 2335 poena
500 2258 576 2318 iusta
603 2270 648 2319 est
667 2259 808 2320 adversus
830 2260 1024 2336 parricidam,
1057 2261 1138 2322 iusta

142 2357 187 2408 est
208 2347 297 2407 etiam
318 2349 459 2407 adversus
479 2349 675 2408 matricidam.

203 2439 255 2496 IV.
278 2437 309 2496 Si
328 2437 452 2513 propria
472 2437 603 2514 denique
625 2438 808 2514 experientia
828 2439 988 2498 terminum
1002 2440 1140 2498 medium

142 2525 277 2586 invenire
291 2545 354 2584 non
368 2545 532 2602 possumus
547 2527 730 2603 relinquitur,
746 2538 778 2586 ut
792 2528 831 2586 ad
845 2529 970 2587 aliorum
980 2527 1138 2602 experien-

142 2615 214 2673 tiam
235 2615 282 2673 vel
303 2614 458 2674 scientiam
479 2615 694 2692 confugiamus,
717 2616 768 2691 qui
783 2616 905 2692 quidem
919 2616 1037 2675 ultimus
1051 2617 1139 2676 locus

143 2703 250 2763 dicitur
260 2705 421 2762 auctoritas.
437 2707 491 2764 Est
499 2716 598 2764 autem
609 2705 767 2764 auctoritas
774 2708 822 2765 vel
830 2705 931 2765 divina
937 2706 985 2764 vel
992 2706 1137 2765 humana.

203 2884 445 2958 Argumcntorum
463 2884 613 2942 ordinatii).
636 2915 675 2922 -
696 2886 736 2943 Et
749 2885 816 2944 illae
832 2884 952 2960 quidem
967 2895 1035 2944 sunt
1049 2905 1137 2961 prae·
1161 2895 1162 2976 l

144 2972 249 3048 cipuae
271 2973 391 3047 regulae
412 2975 582 3047 generales,
605 2974 711 3048 quibus
732 2973 897 3033 intellectus
918 2985 1028 3044 noster,
1060 2975 1135 3033 dum

144 3060 275 3116 medium
295 3060 454 3118 terminum
474 3060 610 3136 inquirit,
638 3081 700 3120 non
720 3063 828 3138 ligatur
848 3063 983 3138 quidem,
1006 3063 1062 3122 sed
1084 3066 1134 3123 ad·
1161 3117 1162 3128 .

145 3144 274 3213 iuvatur,
304 3156 336 3203 ut
367 3147 398 3203 in
426 3158 508 3205 recta
534 3148 582 3207 via
610 3150 730 3208 incertis
759 3151 844 3226 qnasi
864 3151 998 3227 passibus
1018 3171 1135 3227 vagans
1161 3213 1162 3230 ,

147 3227 314 3297 retineatur,
344 3233 407 3301 vel,
429 3233 454 3290 si
474 3235 513 3292 ab
533 3235 599 3310 ipsa
619 3237 787 3312 deflexerit,
810 3241 850 3298 ad
870 3239 1026 3300 veritatem
1048 3243 1135 3301 redu·
1161 3233 1162 3246 .

147 3323 238 3370 catur.
279 3315 358 3372 Fieri
385 3330 483 3376 autern
510 3333 622 3397 potest,
653 3337 684 3382 ut
711 3345 773 3385 non
800 3330 857 3388 nisi
884 3331 916 3388 in
936 3349 996 3389 uno
1022 3349 1060 3394 ex
1089 3333 1135 3391 his
