2350 3700
282 92 322 128 DE
339 91 415 129 ORTU
435 91 498 127 SIVE
517 90 555 127 DE
575 90 738 129 CREATIONE
758 92 863 129 uuum.
1013 92 1065 145 403

139 259 165 297 1,
188 240 268 313 Quia
295 240 352 298 uisi
373 248 458 297 extra
477 241 557 297 illam
578 242 676 297 scriem
696 241 759 297 licet
777 241 919 315 infinitam
940 252 1067 315 ponatur

73 347 139 401 ens,
164 330 247 404 quod
263 328 299 388 sit
314 348 402 388 causa
416 346 479 387 non
493 330 609 399 effecta,
631 346 736 387 revera
749 330 844 387 nullus
866 328 920 388 erit
935 331 1066 389 effectus.

73 418 325 493 Unumquodque
346 419 427 478 enim
448 437 502 477 ens
522 418 554 475 in
575 418 625 476 illa
646 418 721 477 serie
742 436 804 477 non
825 429 869 477 est
889 437 978 478 causa
994 420 1067 478 alius

72 506 133 565 nisi
155 518 302 583 quatenus
322 506 419 584 ipsum
440 508 500 565 iam
521 516 565 566 est
585 507 764 583 productum
785 508 823 565 ab
840 506 918 583 ali03
938 508 1067 584 proinde

72 596 107 653 in
129 615 162 655 se
182 596 249 671 ipso
270 596 445 655 nonhabet
468 597 616 655 rationem
630 595 825 655 sufficientem
838 614 939 673 neque
953 598 1068 674 proprii

73 702 141 744 esse
163 703 264 761 neque
285 685 420 757 actionis,
442 704 502 761 qua
516 684 596 743 aliud
610 684 756 761 producit.
785 686 943 745 Sumuntur
957 686 1066 746 deinde
1159 678 1160 685 ¹

75 776 139 833 duo
154 777 202 834 vel
216 774 273 833 tria
285 776 333 835 vel
348 785 468 835 centum
482 776 530 834 vel
544 775 625 834 mille
639 776 687 833 vel
699 774 814 833 infinita
827 774 896 833 talia
911 776 991 834 entia
1012 777 1068 835 sibi

75 864 285 923 succedentia:
307 882 370 923 non
391 864 486 940 magis
506 864 587 922 illam
608 864 753 922 rationem
774 863 969 923 sufficientem
989 865 1021 925 in
1036 884 1067 925 se

74 954 240 1013 habebunt,
269 954 474 1031 Multiplicatio
494 953 575 1012 enim
597 952 708 1011 entium
727 954 766 1011 ab
780 953 839 1011 alio
853 952 1067 1029 productorum
1159 996 1160 999 η

75 1062 134 1101 non
155 1050 250 1101 mutat
265 1062 361 1102 eorum
382 1044 537 1112 essentiam,
559 1043 652 1101 immo
673 1051 760 1118 auget
781 1042 992 1102 difficultatem.

139 1132 184 1191 Sit
213 1150 239 1191 e.
267 1151 295 1208 g.
324 1143 432 1191 catena
461 1131 632 1208 incognitae
663 1130 853 1206 longitudinis
881 1143 911 1190 et
939 1134 1067 1208 proinde

76 1222 232 1297 incognita
260 1221 336 1281 serie
364 1222 520 1280 anulorum
548 1221 722 1290 constituta,
753 1221 791 1279 de
820 1222 904 1279 caelo
931 1223 1067 1298 pendens

76 1312 143 1369 fixa.
187 1310 315 1369 Ultimus
343 1311 462 1381 anulus,
491 1309 546 1369 etsi
571 1309 694 1368 inferius
714 1309 823 1381 tendit,
852 1330 914 1369 non
936 1312 1016 1371 cadit
1036 1312 1067 1370 in

19 1435 20 1476 3
75 1411 203 1471 terram,
232 1399 303 1476 quia
329 1400 486 1459 sustinetur
507 1419 525 1457 a
545 1398 747 1475 paenultim03
776 1400 974 1474 paenultimus
995 1420 1067 1460 vero

76 1490 141 1565 ipse
164 1489 323 1548 sustinetur
344 1490 383 1548 ab
404 1487 667 1564 antepaenultimo,
689 1498 718 1547 et
736 1488 778 1547 sic
793 1488 945 1565 deinceps.
974 1490 1069 1548 Mani·

77 1579 156 1637 festo
177 1589 276 1638 autem
297 1590 422 1655 apparet
442 1578 588 1637 rationem
610 1576 813 1648 sufficientem,
835 1588 1068 1655 propterquam

76 1668 197 1727 ultimus
218 1670 322 1727 anulus
342 1668 515 1739 sustinetur,
545 1686 608 1725 non
638 1683 703 1725 esse
733 1666 764 1724 in
794 1668 860 1743 ipso
888 1668 938 1728 illo
968 1670 1066 1739 anulo,

76 1757 131 1816 sed
171 1758 203 1815 in
239 1758 430 1833 paenultimo.
489 1758 610 1816 Revera
646 1766 746 1814 tamen
783 1758 979 1832 paenultimus
1018 1757 1067 1817 ille

77 1848 184 1906 anulus
204 1848 283 1906 hanc
304 1847 450 1906 rationem
480 1845 676 1906 sufficientem
703 1865 766 1904 non
789 1847 986 1920 hebetasse,
1015 1848 1068 1906 sed

19 1948 24 2005 J
77 1938 115 1995 ab
146 1935 419 2012 antepaenultim03
449 1937 530 1995 idem
560 1954 632 1994 vero
663 1937 701 1994 de
729 1936 787 1995 hoc
815 1938 1068 2013 antepaenultimo

19 2068 20 2073 η
77 2025 137 2084 dici
159 2026 252 2084 debet
272 2036 303 2084 et
323 2026 361 2084 de
383 2024 521 2084 omnibus
542 2025 606 2084 aliis
627 2025 738 2096 anulis,
762 2043 838 2101 quos
858 2027 1067 2102 perspicimus:

79 2115 175 2174 nullus
195 2133 227 2173 se
248 2114 312 2190 ipse
334 2115 477 2174 sustinere
497 2125 603 2190 potest.
647 2114 677 2172 Si
699 2113 764 2189 quis
785 2124 883 2173 autem
905 2115 1068 2191 quaerenti,

78 2223 210 2278 quanam
231 2203 347 2262 ratione
367 2205 426 2277 fiat,
452 2214 484 2261 ut
504 2203 695 2262 nihilominus
716 2214 778 2262 tota
800 2214 906 2263 catena
927 2223 1069 2280 suspensa

78 2301 214 2365 maneat,
243 2293 440 2369 responderet
466 2292 525 2352 hoc
549 2292 614 2352 fieri
635 2311 671 2351 ex
692 2291 845 2352 additione
866 2293 980 2352 infinita
1000 2312 1070 2352 anu·

79 2382 193 2440 lorum:
222 2400 324 2441 nonne
351 2382 437 2440 stulta
458 2381 527 2440 satis
547 2381 648 2457 inepte
670 2381 802 2439 diceret?
843 2382 967 2441 Additio
989 2384 1069 2442 enim

19 2514 21 2522 i
76 2489 225 2530 novorum
246 2472 418 2542 anulorum,
442 2471 553 2530 nedum
574 2471 679 2529 afferat
699 2470 758 2528 vim
781 2470 959 2543 sustinendi,
981 2481 1069 2548 auget
1159 2525 1160 2534 ,

77 2559 299 2619 difficultatem:
329 2579 390 2635 quo
411 2559 539 2619 maiores
559 2559 640 2618 enim
661 2569 747 2618 erunt
767 2577 893 2619 numero
914 2562 1009 2632 anuli,
1032 2578 1070 2638 eo

20 2720 29 2727 ,Λ
76 2648 277 2725 ponderosius
300 2659 408 2708 catena
428 2648 551 2706 inferius
578 2649 690 2707 tendet.
726 2649 837 2708 Nonne
865 2660 986 2722 contra,
1016 2650 1069 2708 etsi

19 2796 20 2814 ,
76 2740 168 2798 finem
189 2737 275 2797 huius
289 2748 414 2796 catenae
428 2737 562 2803 sensibus
577 2756 638 2796 non
653 2737 858 2814 perspicimus,
879 2748 981 2798 tamen
994 2747 1070 2796 recta

75 2830 189 2887 ratione
209 2827 344 2887 instructi
373 2828 452 2886 clare
480 2825 630 2900 videmus,
660 2827 723 2886 sine
752 2827 872 2886 errandi
901 2828 1069 2901 formidine,

77 2917 296 2976 admittendum
317 2934 381 2975 esse
403 2923 488 2974 extra
507 2918 606 2974 seriem
627 2917 707 2974 illam
728 2918 880 2974 anulorum
903 2935 957 2976 ens
978 2918 1071 2992 quod·

77 3007 148 3066 dam
168 3007 275 3077 lixum,
303 3023 402 3081 aquo
422 3004 535 3105 primus
556 3007 661 3064 anulus
682 3006 858 3065 sustmeatur
880 3015 990 3082 equo
1011 3024 1070 3066 me·

18 3060 26 3140 5
76 3096 179 3154 diante
200 3095 249 3154 alii
271 3112 376 3154 omnes
396 3094 532 3170 suspensi
552 3097 740 3154 teneantur¹

140 3277 149 3308 ¹
170 3279 208 3328 Cf.
230 3279 363 3328 Hontlreim
381 3278 398 3328 1.
412 3295 435 3329 c.
447 3296 473 3343 p.
491 3290 638 3339 111-114.
665 3278 704 3326 Cf.
724 3277 800 3327 etiam
813 3278 889 3328 Pescla
902 3278 919 3328 l.
934 3293 955 3326 c.
970 3295 994 3342 p.
1012 3279 1068 3342 196.

849 3367 882 3414 26
893 3367 906 3396 ¹
