2350 3700
307 156 450 192 DIVERSAE
469 157 651 194 SENTENTIAE
670 158 871 195 EXPONUNTUR.
1032 156 1081 210 373
1170 162 1171 165 ’

90 303 356 380 velcorpusculis,
379 323 456 379 quae
477 304 536 364 sint
556 299 584 379 a)
602 312 717 363 extensa
738 306 869 382 quidem,
892 307 945 365 sed
959 306 1082 365 omnino
1170 362 1171 367 ,

90 394 279 451 indivisibilia
286 414 297 463 ‚·
317 388 349 467 b)
371 393 509 453 distincta
531 406 560 453 et
580 396 676 453 uacuis
696 396 856 455 interuallis
871 398 947 454 inter
959 415 988 454 se
1006 406 1082 471 sepa·

90 490 181 553 rata‚·
209 477 237 556 c)
259 482 356 541 omnis
382 485 491 542 activae
516 484 632 542 virtutis
658 488 786 561 expertia
793 508 803 556 ,·
830 482 861 561 d)
884 487 1081 556 immutabilia,

92 590 132 630 eo
161 590 250 630 sensu
280 572 362 647 quod
389 574 496 631 mutari
522 592 586 631 non
613 573 728 649 possint
753 574 809 633 nisi
837 575 938 651 quoad
968 585 1081 634 motum

91 662 238 733 localem,
269 680 359 736 quem
383 663 500 737 passive
520 662 676 739 recipiant.
722 664 832 723 «Hisce
854 665 960 723 atomis
981 665 1082 724 omnia

91 769 224 825 corpora
245 751 374 809 conflata
395 770 459 810 esse
480 753 600 825 volunt,
631 752 672 811 ita
692 762 724 812 ut
744 773 811 812 curn
833 756 997 813 moleculae
1019 764 1079 813 tum

92 858 225 915 corpora
251 841 338 899 molis
366 840 486 899 maioris
512 841 586 898 nihil
614 842 671 900 sint
698 842 755 901 nisi
782 843 891 901 cumuli
914 856 1080 902 atomorum
1170 908 1171 915 .

90 930 179 987 aliter
199 939 289 1005 atque
308 929 392 988 aliter
406 929 623 1006 dispositarum,
647 950 810 1007 omnesque
825 950 902 1007 quac
917 943 1081 1009 appareant
1170 998 1171 1003 .

91 1018 322 1077 substantiarum
343 1020 552 1095 generationes
573 1030 603 1080 et
623 1021 830 1097 corruptiones
850 1022 923 1080 nihil
944 1022 1002 1080 sint
1024 1022 1080 1080 nisi
1170 1072 1171 1079 ,

91 1119 262 1166 atomorum
282 1108 314 1165 in
336 1108 394 1166 alia
414 1110 482 1168 loca
502 1109 772 1185 commigrationes
811 1114 875 1170 Has
895 1110 983 1187 igitur
1007 1130 1081 1187 quas

90 1197 221 1256 diximus
240 1198 500 1258 transmutationes
521 1218 640 1271 omnes,
673 1219 777 1258 omnes
805 1219 963 1275 corporum
992 1210 1080 1259 struc-

89 1297 173 1345 turas
193 1298 284 1363 atque
304 1288 382 1347 adeo
404 1289 492 1347 totius
512 1290 617 1347 mundi
638 1289 891 1348 conformationes
913 1291 976 1349 solo
998 1300 1080 1349 motu

89 1378 198 1449 locali,
227 1396 287 1453 quo
309 1380 485 1452 corpuscula
506 1379 583 1437 forte
604 1380 722 1437 fortuna
743 1378 1004 1452 circumferuntur,
1034 1399 1081 1439 ex-

7 1517 8 1532 ,
88 1466 205 1541 plicare
226 1477 425 1543 praesumunt,
447 1468 487 1526 ita
508 1479 547 1540 ut,
569 1468 715 1544 quidquid
736 1468 767 1525 in
782 1468 896 1543 ingenti
910 1469 967 1528 hac
981 1487 1080 1529 rerum
1122 1470 1127 1478 “

88 1555 282 1614 universitate
296 1557 359 1615 fieri
374 1558 501 1627 accidat,
520 1558 600 1616 aliud
615 1576 677 1615 non
691 1557 727 1616 sit
740 1558 797 1616 nisi
811 1559 906 1617 maior
920 1559 968 1617 vel
982 1558 1080 1618 minor

88 1656 261 1703 atomorum
287 1646 429 1706 velocitas
456 1649 504 1706 vel
531 1658 629 1705 motus
656 1648 714 1706 hoc
741 1646 829 1707 illove
853 1649 945 1706 modo
967 1650 1080 1707 modifi-

89 1737 227 1793 catus.»¹

152 1827 241 1885 Haec
262 1825 480 1886 materialistica
500 1828 647 1886 sententia
667 1826 845 1904 perantiqua
868 1838 920 1886 est.
962 1828 1078 1888 Nostris
1157 1857 1171 1909 ς

88 1932 166 1974 vero
186 1916 369 1991 temporibus
389 1917 518 1976 fautores
536 1917 714 1993 praecipuos
729 1919 831 1977 habuit
845 1921 877 1977 L.
894 1919 1077 1994 Feuerbach,

87 2007 125 2063 L.
148 2004 319 2076 Biichner²‚
341 2006 410 2064 Chr.
432 2006 562 2078 Wiener,
586 2008 621 2066 E.
644 2008 772 2066 Hiekel.

153 2096 192 2152 Il.
214 2094 385 2153 Ammianus
399 2095 531 2153 clamitas
545 2097 593 2154 uel
601 2097 730 2172 physicus
743 2099 789 2155 uel
800 2099 884 2155 etiam
897 2099 1076 2156 ntoderatiar.

87 2214 130 2222 —
152 2183 369 2243 Moderatiores
390 2184 544 2243 atomistae
565 2186 677 2244 docent
697 2193 803 2244 atomos
829 2206 885 2245 csse
907 2189 1078 2246 snbstantias

7 2257 11 2270 ¹
86 2274 330 2348 incorruptibiles,
362 2275 558 2343 indivisibiles,
588 2275 640 2332 sed
665 2283 759 2333 tantan
788 2278 945 2334 extensione
973 2279 1080 2354 triplici

86 2381 125 2419 ac
143 2372 173 2419 vi
189 2372 339 2420 resistendi
356 2373 504 2434 praeditas.
533 2366 578 2421 Ex
599 2383 700 2423 earum
722 2366 901 2424 cohaesione
929 2377 958 2425 et
986 2367 1078 2424 affini·

86 2462 150 2510 tate
172 2452 308 2510 chemica
328 2452 391 2510 fieri
413 2471 555 2528 corpora,
584 2455 661 2529 ipsas
682 2462 774 2512 autem
798 2457 829 2512 in
856 2458 1001 2530 coraposito
1029 2477 1077 2514 nu-

85 2543 183 2600 tnrnli
200 2560 315 2599 nrancre
334 2550 413 2611 actu,
439 2553 542 2618 utpote
563 2560 601 2601 ex
627 2563 678 2602 sua
699 2554 804 2602 natura
828 2543 1076 2622 incorruptibiles

85 2633 138 2704 ita,
162 2641 194 2689 ut
214 2649 342 2707 corpora
363 2633 530 2707 composita
550 2651 614 2690 non
629 2633 686 2690 sint
700 2633 755 2692 nisi
770 2634 914 2709 synthesis
929 2636 1077 2709 quaedam

85 2722 217 2798 plurium
238 2722 481 2793 substantiarum,
510 2741 587 2797 quae
609 2734 676 2782 actu
703 2734 896 2800 perseverent
924 2745 959 2782 ac
989 2725 1077 2784 certis

85 2811 218 2870 definitis
252 2811 367 2886 legibus
401 2811 530 2870 invicem
564 2813 781 2872 combinentur.
824 2815 975 2888 Synthesis
1004 2833 1076 2873 vero

84 2901 138 2958 illa
159 2901 274 2977 analysi
295 2901 431 2960 chemica
452 2902 562 2960 destrui
582 2913 688 2978 potest.

148 2992 293 3050 Fautores
319 2991 404 3050 huius
431 2993 597 3050 sententiae
625 3011 661 3051 ea
689 2993 804 3064 omnia,
833 3010 910 3068 quae
939 2995 976 3052 de
1005 2995 1077 3052 exsi-

83 3080 195 3138 stentia
223 3090 253 3138 et
279 3080 501 3141 combinatione
528 3092 696 3140 atomorum
723 3081 754 3139 in
782 3081 899 3140 chemia
920 3083 1074 3156 docentur,

150 3273 160 3305 ¹
178 3276 255 3324 Pesch
274 3275 290 3324 l.
304 3293 325 3324 c.
340 3277 359 3337 Ι,
380 3277 439 3340 326.
472 3277 511 3326 Cf.
532 3293 588 3326 cum
608 3277 649 3337 eis,
670 3294 733 3341 quae
753 3295 828 3341 supra
848 3275 885 3341 (p.
907 3278 958 3340 356
971 3273 1022 3341 sq.)
1043 3279 1075 3326 de

87 3357 277 3406 «mechanismo
295 3359 385 3406 bruto»
407 3358 521 3406 diximus.
596 3355 606 3387 ²
625 3358 743 3422 Scripsit:
767 3359 855 3406 «Kraft
873 3359 926 3405 und
945 3358 1032 3406 Stoff».
