2350 3700
122 117 173 170 352
405 119 444 155 ua
462 117 649 162 ouxurrrxra
669 118 826 155 CORPOREA.

122 275 229 341 potest.
279 265 544 340 Quantascumque
580 265 661 324 enim
698 265 785 324 fuerit
814 284 970 338 numerat,
1008 267 1109 325 licebit

122 354 266 414 unitatem
292 355 321 412 ei
348 355 470 414 addere.
514 353 575 413 ‹Sit
597 373 622 414 e.
645 373 672 430 g.
702 373 848 430 equorum
875 357 1014 414 alborum
1045 367 1111 415 actu

121 443 321 504 exsistentium
341 462 482 502 numerus
501 443 646 502 infinitus:
678 445 914 520 proclamabunt,
936 445 1041 516 credo,
1062 445 1111 503 ad·
1164 447 1165 518 ᾗ

121 533 243 592 versarii
272 531 341 591 huic
370 550 496 592 numero
526 551 565 590 ne
595 551 684 592 unam
716 533 837 608 quidem
867 533 1011 592 unitatem
1041 535 1114 592 addi
1164 519 1165 538 ¹

122 639 220 698 posse,
242 640 310 680 cum
331 621 401 697 equi
421 639 527 681 omnes
548 621 609 680 albi
628 621 688 680 iam
709 623 741 680 in
762 621 813 679 illo
833 640 959 680 numero
976 625 1116 682 contenti

122 713 188 770 sint.
212 711 254 770 Sit
264 728 345 768 nunc
355 729 476 786 quoque
490 729 630 769 numerus
645 729 791 786 equorum
804 712 967 786 nigrorum,
983 730 1117 787 quorum

123 801 207 859 color
234 801 320 876 niger
347 799 445 860 subito
472 800 504 858 in
525 800 626 858 album
646 809 782 858 mutetur.
825 801 943 858 Etiam
973 801 1117 860 mirabile
1164 853 1165 866 ,

123 890 205 949 dictu
225 890 333 961 evenit,
355 899 386 948 ut
406 889 514 948 horum
534 907 675 948 numerus
695 906 821 948 numero
835 889 950 948 infinito
965 908 1118 965 equorum
1164 927 1165 952 ;

124 979 268 1050 alborum,
284 978 336 1054 qui
349 978 447 1054 primo
461 979 595 1048 aderant,
611 977 683 1038 addi
695 996 759 1036 non
774 977 874 1054 possit,
890 997 958 1036 cum
972 997 1118 1037 numerus
1164 959 1165 1048 i

124 1068 174 1126 ille
195 1067 325 1126 infinitus
345 1069 398 1143 sit3
419 1076 449 1126 et
468 1067 554 1126 simul
574 1078 676 1126 tamen
697 1067 768 1125 addi
789 1067 889 1142 possit,
912 1087 980 1126 cum
1001 1068 1041 1127 de
1063 1087 1118 1126 nu·
1164 1089 1165 1106 ÷

124 1156 214 1216 meris
234 1167 364 1232 agatur.»
381 1159 390 1192 ¹
430 1158 513 1232 Ergo
534 1174 674 1216 numerus
695 1167 763 1214 actu
784 1156 913 1215 infinitus
934 1167 1091 1232 repugnat.
1164 1213 1165 1216 ,

183 1249 215 1330 b)
238 1256 292 1312 Ex
310 1256 450 1325 absurdis,
470 1274 544 1331 quac
562 1262 751 1330 sequerentur.
784 1255 924 1315 Admissa
945 1257 1026 1314 enim
1047 1274 1116 1314 sen·

123 1344 216 1403 tentia
230 1344 408 1417 adversaria,
424 1354 597 1420 sequeretur
611 1363 676 1403 esse
690 1363 855 1416 numerum,
878 1345 930 1419 qui
943 1345 1036 1402 minui
1050 1363 1116 1403 non

124 1445 240 1510 posset,
272 1435 344 1509 quin
374 1434 504 1492 absurda
532 1434 602 1491 ilico
633 1445 836 1508 sequerentur.
886 1434 994 1492 «Certo
1032 1434 1117 1492 euim

123 1542 217 1581 unum
238 1522 423 1581 individuum
445 1522 525 1582 demi
547 1524 585 1581 ab
600 1523 651 1581 illo
665 1541 791 1581 numero
805 1534 914 1598 posset,
937 1542 998 1598 quo
1012 1533 1121 1582 tamen
1164 1553 1165 1592 t

123 1613 247 1688 dempto
267 1629 408 1671 numerus
428 1630 528 1688 neque
548 1612 646 1670 finitus
665 1630 764 1687 neque
778 1611 908 1670 infinitus
922 1612 983 1670 dici
995 1625 1120 1687 posset:

125 1720 187 1760 non
208 1703 321 1774 finitus,
348 1721 420 1761 nam
440 1721 500 1760 una
520 1701 623 1759 addita
642 1701 754 1759 unitate
775 1711 852 1760 esset
872 1701 1020 1776 infinitus,
1052 1722 1123 1761 non

126 1791 265 1865 intinituS,
287 1792 357 1867 quia
378 1791 451 1849 alius
471 1809 611 1849 numerus
631 1791 727 1849 maior
748 1790 927 1849 exsisteret.»

188 1883 366 1957 Sequeretur
387 1881 476 1940 etiam
496 1898 652 1939 numerum
673 1880 901 1938 determinatum
922 1898 954 1938 se
968 1881 1036 1956 ipso
1052 1900 1123 1941 esse

128 1972 280 2029 maiorem.
326 1970 375 2029 «Si
395 1991 422 2029 v.
444 1989 472 2046 g.
495 1971 701 2045 decempedae
728 1988 855 2028 numero
882 1970 1014 2027 infinitae
1045 1974 1125 2030 exsi-

127 2071 252 2132 sterent,
283 2078 422 2119 numerus
443 2078 563 2135 quoque
584 2059 696 2135 pedum
716 2058 845 2117 infinitus
867 2069 943 2117 esset
962 2070 993 2117 et
1019 2059 1126 2120 nihilo

127 2150 223 2209 secius
252 2150 426 2225 decuplatus
453 2167 592 2207 numerus
620 2148 882 2224 decempedamm.
925 2148 956 2205 Si
985 2148 1126 2209 infinitus

127 2258 267 2298 numerus
287 2238 442 2296 hominum
463 2247 554 2309 esset,
584 2256 725 2296 numerus
746 2237 906 2312 digitorum
928 2237 1016 2295 etiarn
1037 2251 1125 2296 esset

128 2329 257 2387 infinitus
271 2339 301 2386 et
314 2339 415 2386 tamen
429 2327 646 2385 multitudinem
660 2327 815 2385 hominum
830 2326 996 2385 excederet.
1019 2328 1123 2384 Detur

128 2436 220 2494 porro
241 2418 362 2493 singulis
383 2434 488 2474 aureus
508 2434 583 2474 unus
605 2426 635 2474 et
656 2426 801 2490 cogantur
821 2414 932 2474 deinde
948 2433 1062 2487 omnes,
1084 2426 1124 2473 ut

128 2527 211 2566 suum
233 2507 358 2583 quisque
380 2524 502 2563 aureum
523 2505 554 2562 in
574 2523 666 2563 unum
682 2504 840 2562 conferant
854 2506 1011 2563 cumulum.
1045 2505 1123 2577 Quo
1164 2528 1165 2587 3

129 2598 208 2655 facto
233 2606 413 2672 poteruntne
443 2594 550 2669 singuli
580 2612 617 2653 ex
647 2595 697 2651 illo
727 2594 845 2652 cumulo
873 2594 979 2653 decem
1007 2612 1125 2654 aureos
1164 2610 1165 2675 ,

128 2686 184 2745 sibi
205 2684 362 2761 accipere?
403 2684 473 2743 Non
494 2694 648 2759 poterunt,
679 2683 749 2757 quia
769 2692 814 2741 tot
833 2693 901 2741 sunt
921 2682 1016 2753 aurei,
1042 2696 1127 2757 quot
1164 2680 1165 2691 ³

128 2784 196 2834 sunt
215 2775 360 2833 homiues
389 2775 429 2831 Et
448 2784 548 2831 tamen
569 2782 718 2847 poterunt,
743 2772 812 2846 quia
832 2790 972 2830 numerus
985 2771 1125 2831 infinitus

129 2864 275 2922 exhauriri
296 2882 358 2921 non
378 2863 530 2938 potest.»²
1164 2904 1165 2943 3

191 2974 217 3011 2.
239 2956 312 3011 Esse
334 2963 432 3010 autem
453 2962 551 3027 potest
570 2968 712 3008 numerus
733 2950 862 3025 infinitus
875 2952 1023 3026 potentia,
1049 2950 1068 3009 i.
1094 2970 1125 3010 e.
1164 2948 1165 3005 l

129 3059 268 3097 numerus
289 3060 307 3096 a
327 3050 427 3097 mente
448 3040 479 3096 in
500 3040 646 3096 infinitum
667 3048 767 3113 potest
787 3038 896 3113 augeri.
932 3038 1057 3097 Etenim
1079 3040 1127 3098 in-

192 3206 301 3265 ¹Pcsch,
320 3210 381 3255 Inst.
400 3210 493 3271 philos,
513 3220 563 3258 nat.
583 3214 609 3259 II
630 3211 682 3275 (ed.
704 3212 733 3277 2)
763 3226 805 3277 95.

191 3279 201 3310 ²
220 3284 295 3330 Pesclr
313 3284 329 3330 l.
349 3300 371 3332 c.
391 3301 414 3346 p.
435 3287 477 3344 96.
