2350 3700
345 99 491 136 APPENDIX
509 101 548 136 nt)
569 101 660 136 CAPUT
680 100 697 136 1.
964 100 1014 152 215

39 247 149 304 nihilum
170 257 353 322 conceptum
374 265 429 322 per
449 248 573 306 modum
593 248 678 318 entis,
701 248 763 306 sive
782 259 827 306 est
841 249 1015 319 absolutum,

40 336 91 392 sive
111 335 281 405 relativum,
310 336 402 410 idque
430 339 479 393 vel
500 337 674 412 simpliciter
701 338 871 412 negativum
893 337 940 396 vel
962 338 1017 414 pri·

40 425 155 481 rativum
176 419 319 495 (caecitas
340 442 366 482 e.
388 444 415 500 g.
436 425 628 484 considerata
649 436 680 484 ut
701 422 765 500 ens)
779 427 795 482 ¹.

89 514 148 571 Eus
177 512 304 572 rationis
333 514 461 589 proinde
490 533 554 572 non
587 515 645 572 nisi
669 524 726 591 per
754 515 899 590 quondam
933 523 1018 573 meto·

34 603 143 676 phorom
157 602 270 660 dicitur
282 623 346 662 ens.
382 605 418 660 In
432 605 587 678 ontologia
601 621 673 661 vero
688 605 783 678 agitur
798 605 836 662 de
851 617 920 663 ente
934 606 1015 663 reali.

312 770 490 820 APPENDIX
509 773 560 820 AD
579 772 694 822 CAPUT
713 773 733 822 1.

80 885 127 942 De
140 887 252 960 pronois
266 888 426 962 principiis,
447 905 519 961 qnae
539 906 558 942 a
578 889 690 944 notione
710 889 781 945 entis
801 887 966 946 trahunnir.

85 1017 273 1092 Principium
288 1017 318 1074 in
332 1035 443 1092 genere
459 1017 518 1075 iarn
533 1018 662 1076 scimus¹
677 1036 740 1076 esse
755 1019 793 1088 id,
808 1039 895 1094 aquo
908 1021 1021 1094 aliquid

32 1106 147 1182 procedit
158 1125 332 1181 quocumque
345 1107 432 1163 modo.
469 1109 504 1163 In
519 1107 625 1165 ordine
644 1125 717 1165 vero
731 1109 894 1181 cognitionis
908 1103 1016 1183 (rprin-

29 1196 102 1270 'sipia
116 1190 253 1270 logica»)
268 1196 448 1271 principium
462 1197 629 1270 generatim
644 1197 751 1255 dicitur
758 1198 916 1273 propositio
935 1215 1016 1272 quac-

29 1285 102 1352 ient,
133 1303 212 1360 quoe
239 1285 326 1341 oltcri
343 1285 512 1360 probandae
540 1287 666 1344 inservit.
709 1287 772 1344 Iam
799 1304 871 1344 vero
895 1304 931 1344 ex
952 1287 1017 1362 ipsa

36 1375 147 1431 notione
171 1374 252 1432 entis
273 1391 356 1431 mens
370 1374 456 1449 plura
474 1374 531 1432 sibi
545 1393 723 1450 comparare
738 1385 835 1450 potest
849 1375 1016 1434 huiusmodi

29 1463 184 1538 principia.

84 1553 228 1624 Quorum
242 1553 375 1610 omnium
395 1553 524 1627 primum
544 1563 588 1611 est
602 1553 791 1628 principium,
814 1552 896 1628 quod
911 1553 1017 1611 dicitur

29 1643 265 1709 ‘contradictionis
287 1652 316 1699 et
342 1642 511 1699 enuntiatur
539 1643 585 1700 his
606 1643 717 1700 verbis:
746 1641 826 1699 Idem
853 1661 909 1700 non
923 1649 1019 1717 potest

33 1731 111 1786 sionni
137 1749 198 1788 csse
226 1737 255 1786 ct
280 1749 336 1788 non
364 1749 427 1788 csse.
470 1733 506 1788 In
535 1750 595 1804 qua
622 1731 766 1806 loquendi
794 1731 920 1790 formula
940 1749 1016 1789 voce

36 1820 148 1877 ‹simuln
174 1838 241 1878 non
262 1820 357 1878 solum
372 1830 488 1896 tempus
506 1820 694 1896 significatur,
717 1821 771 1879 sed
785 1821 950 1897 generatim
971 1839 1017 1880 ex·

31 1910 158 1983 primitur
181 1928 237 1967 ens
258 1920 289 1967 et
308 1926 370 1966 nou
391 1928 445 1967 ens
466 1910 520 1968 sub
541 1910 650 1968 eodem
671 1920 808 1985 respectu
833 1908 925 1967 «und»
951 1928 1014 1968 esse

31 2015 84 2054 non
104 2011 220 2074 posses
258 1999 359 2057 Oritur
379 1998 506 2073 proinde
528 1999 586 2057 hoc
608 1999 786 2075 principium
807 2000 839 2057 in
859 2009 958 2058 mente
981 2019 1017 2057 ex

30 2088 86 2144 sola
99 2088 332 2163 comparatione
347 2088 422 2146 entis
443 2107 512 2146 cum
533 2106 586 2146 suo
602 2089 750 2163 opposito,
772 2088 852 2146 unde
867 2090 907 2157 fit,
929 2100 960 2147 ut
981 2090 1017 2147 sit

30 2178 208 2253 principium
231 2177 354 2235 evidens
384 2176 533 2235 evidentia
557 2177 763 2248 immediata⁸,
792 2188 905 2237 certum
934 2178 1017 2236 certi·

29 2266 124 2325 tudine
147 2266 320 2325 necessaria
328 2269 346 2338 ⁴,
368 2266 426 2323 tale
445 2266 585 2341 denique,
608 2276 639 2323 ut
659 2266 697 2323 de
718 2267 784 2341 ipso
798 2284 889 2325 nemo
903 2267 1017 2327 dubitet

28 2372 123 2429 neque
137 2355 278 2413 dubitare
292 2354 385 2430 possit
397 2357 415 2411 ⁵.
444 2356 490 2412 Ex
504 2354 550 2412 his
571 2354 703 2429 sequitur
723 2356 821 2425 etiam,
843 2364 875 2413 ut
889 2355 925 2413 sit
939 2356 1017 2431 prin·

29 2441 136 2519 cipium
160 2443 295 2501 omnium
316 2443 453 2519 primum,
476 2454 506 2503 et
525 2444 556 2501 in
571 2443 678 2502 ordine
693 2445 919 2519 chronologico
942 2455 972 2503 et
985 2444 1016 2502 in

29 2532 131 2590 ordine
154 2531 256 2607 logico
269 2534 288 2589 ⁸.

83 2621 220 2695 Quando
234 2620 342 2679 dicitur
355 2621 535 2698 principium
550 2622 794 2681 contradictionis
809 2640 872 2680 esse
888 2622 1016 2699 primum

28 2710 161 2767 omnium
181 2710 212 2767 in
238 2710 345 2769 ordine
370 2710 486 2786 logico,
515 2730 577 2769 non
606 2712 840 2786 intellegendum
868 2721 912 2770 est
939 2712 1017 2787 prin-

28 2798 136 2872 cipium
157 2799 230 2857 illud
252 2799 353 2857 omnia
372 2800 430 2857 alia
443 2799 587 2875 implicite
603 2799 766 2872 continere,
790 2800 875 2876 quasi
896 2802 934 2859 ab
949 2800 1015 2877 ipso

28 2885 74 2944 illa
104 2889 210 2946 omnia
240 2887 396 2947 ratiocinio
426 2888 535 2947 deduci
564 2889 686 2965 possint.
729 2890 904 2949 Reflexione
935 2891 1016 2949 enim

87 3046 94 3078 ¹
116 3049 169 3111 Qui
188 3048 262 3113 plura
280 3049 312 3097 de
330 3050 379 3097 hac
398 3064 425 3097 re
443 3048 585 3110 desiderat,
611 3049 680 3113 legat
698 3050 788 3109 Pesclr,
816 3051 877 3099 Inst.
897 3052 948 3114 log.
968 3050 1014 3109 ΙΙΙ,

28 3142 59 3188 44
78 3146 117 3193 sq.
149 3130 233 3188 Frick,
253 3128 339 3177 Ontol.
358 3145 383 3191 p.
404 3139 447 3192 35.

86 3206 97 3238 ²
117 3209 156 3257 Cf.
176 3208 275 3272 Logica
292 3225 317 3272 p.
340 3220 398 3270 170.
472 3206 566 3257 ³1bid.
585 3224 611 3271 p.
634 3218 691 3272 r71.
766 3206 775 3237 ⁴
795 3210 861 3257 Ibid.
882 3226 907 3271 p.
931 3219 987 3270 175.

88 3286 182 3337 ‘Ibid.
202 3306 228 3353 p.
252 3289 309 3337 128.
383 3286 452 3336 ⁶Ct.
472 3304 548 3351 supra
565 3305 591 3351 p.
613 3300 661 3334 211
683 3294 709 3333 et
728 3298 787 3334 212.
