2350 3700
92 163 127 199 DE
146 163 298 205 DIVISIONE,
315 164 462 201 GENERALI
482 164 679 201 SUBSTANTIAE
699 164 735 201 ET
754 164 937 203 ACCIDENTIS.
976 160 1026 217 275

97 312 321 371 Subsistentiam
356 314 437 371 enim
467 314 626 372 admittunt
656 330 720 371 esse
755 313 867 388 aliquid
900 315 1026 390 positivi,

48 402 290 477 complementum
305 400 419 459 scilicet
432 402 612 460 substantiae
632 402 664 460 in
678 402 759 461 linea
773 403 952 462 substantiae
966 420 1028 461 non

48 501 159 548 naturae
186 492 235 549 vel
257 492 412 549 essentiae.
454 491 545 550 Cuius
573 491 742 550 assertionis
769 492 933 568 praecipua
954 492 1028 551 ratio

48 580 200 637 desumitur
213 596 251 637 ex
264 579 406 655 mysterio
421 581 633 637 incarnationis.
669 580 813 638 Naturam
834 580 914 639 enim
929 583 1029 640 huma·

48 687 109 726 nam
127 668 158 725 in
173 668 294 727 Christo
315 669 424 728 scimus
446 669 486 728 de
499 670 579 727 facto
600 686 663 727 non
677 670 789 728 habere
811 670 1028 729 subsistentiam

48 759 207 833 propriam,
236 759 290 817 sed
318 758 477 817 subsistere
497 758 686 816 subsistentia
707 758 807 816 Verbi.
845 760 905 817 Sed
925 771 1030 819 natura

48 848 167 905 humana
181 846 294 906 Christi
308 859 353 907 est
366 848 494 907 essentia
515 847 664 923 quaedam
678 848 726 906 vel
746 858 852 906 natura
865 849 1028 924 singularis.

48 938 121 1012 Ergo
140 947 249 995 natura
262 936 425 1018 singularis,
449 956 509 1012 qua
522 937 596 1009 talis,
616 937 839 1013 complemento
853 938 976 1014 indiget,
999 949 1030 997 ut

48 1027 182 1085 subsistat.
222 1027 282 1085 Sed
303 1026 343 1098 id,
366 1026 449 1101 quod
470 1026 592 1102 concipi
613 1025 704 1085 debet
725 1037 756 1084 ut
776 1028 1029 1104 complementum

47 1116 79 1173 ad
106 1116 221 1191 aliquid
252 1117 379 1173 additum
410 1126 439 1173 et
469 1117 508 1174 ab
536 1116 602 1191 ipso
632 1116 815 1192 separabile,
847 1127 890 1176 est
917 1118 1030 1193 aliquid

42 1206 155 1279 posrtr'oi.

98 1295 194 1351 Porro
225 1294 251 1352 si
285 1294 473 1353 subsistentia
507 1305 551 1353 est
580 1293 739 1370 positivum
768 1294 841 1370 quid
871 1294 910 1354 ad
940 1296 1031 1355 instar

45 1383 254 1457 complementi
267 1393 390 1441 naturae
405 1383 577 1441 individuae
599 1383 741 1455 additum,
761 1385 898 1460 profecto
913 1386 1030 1444 realiter

44 1472 228 1547 distinguitur
248 1473 286 1531 ab
308 1474 367 1531 hac
386 1483 499 1543 natura,
521 1473 563 1530 ita
583 1483 615 1531 ut
636 1474 713 1531 inter
733 1474 917 1549 suppositum
934 1475 1030 1550 ipsum

44 1573 69 1619 et
86 1562 251 1620 essentiam
271 1561 456 1620 individuam
477 1561 514 1620 sit
534 1562 686 1621 distinctio
715 1563 809 1621 realis.
855 1562 936 1637 &rue
957 1564 1031 1621 clare

45 1653 180 1727 concipies,
202 1654 230 1708 si
247 1652 453 1709 subsistentiam
474 1654 627 1728 conceperis
640 1659 674 1709 ut
692 1652 804 1727 aliquid
820 1653 856 1709 ab
869 1654 1031 1710 exsistentia

43 1760 93 1797 non
112 1742 235 1798 realiter
254 1741 412 1799 distinctum
424 1742 441 1799 ¹.

96 1832 235 1906 Utraque
257 1830 386 1907 proinde
402 1830 549 1891 sententia
569 1848 653 1890 suam
668 1830 909 1907 probabilitatem
930 1832 1028 1904 habet,

42 1921 90 1978 sed
110 1913 262 1979 sententia
281 1920 450 1979 thomistica
464 1921 503 1978 ad
525 1938 644 1979 sensum
666 1919 798 1996 mysterii
819 1920 1030 1980 incarnationis

41 2011 251 2084 explicandum
272 2009 389 2069 videtur
404 2027 469 2069 esse
484 2010 599 2086 aptior3
621 2019 753 2070 ceterum
774 2011 866 2069 modo
887 2011 1030 2085 loquendi

40 2110 225 2172 sanctorum,
256 2118 324 2158 cum
352 2099 392 2158 de
419 2100 479 2158 hoc
500 2099 641 2176 mysterio
663 2109 768 2174 agunt,
794 2109 875 2158 certo
897 2109 941 2158 est
962 2118 1030 2158 con-

40 2189 169 2246 formior.

28 2268 29 2279 ¹
93 2278 191 2351 Quod
213 2277 252 2335 ad
273 2286 390 2335 mentem
411 2277 439 2335 S.
455 2278 592 2335 Doctoris
612 2278 669 2335 hac
690 2279 722 2334 in
743 2293 774 2334 re
796 2276 907 2349 attinet,
930 2277 1031 2336 dicen·

39 2367 103 2424 dum
125 2378 174 2426 est
188 2367 287 2442 ipsum
301 2368 379 2425 hanc
394 2366 601 2442 quaestionem
616 2367 743 2442 explicite
762 2384 826 2424 non
844 2365 1030 2439 tractavisse3

38 2456 141 2514 modus
162 2466 267 2514 tamen
287 2457 350 2514 eius
371 2455 515 2531 loquendi
542 2456 720 2515 sententiam
741 2455 939 2514 thomisticam
961 2475 1031 2514 con·

38 2546 154 2604 firmare
176 2544 296 2603 videtur
305 2546 324 2603 ².
366 2547 468 2604 Docet
494 2545 575 2603 enim
603 2545 843 2620 personalitatem
865 2545 1030 2620 angelicam

39 2635 79 2690 rel
109 2636 279 2692 humanam
299 2635 409 2691 destrui
427 2635 476 2692 vel
503 2637 647 2710 corrumpi
672 2633 825 2704 debuisse,
854 2633 878 2692 si
899 2633 1030 2692 Christus

95 2787 104 2818 ¹
127 2789 222 2838 «Nous
241 2805 358 2853 croyons,
378 2805 410 2838 en
428 2791 612 2854 consequence,
633 2804 694 2838 avec
712 2787 802 2838 l'icole
821 2788 946 2848 thomiste,
967 2789 1029 2854 qu'il

37 2885 95 2932 γε,
124 2885 180 2919 non
208 2869 348 2918 seulement
367 2878 438 2919 entre
456 2869 579 2919 l’essence
598 2869 738 2935 spicifique
757 2870 801 2918 des
821 2868 885 2918 dtres
904 2870 1031 2920 matiriels

38 2959 60 2997 et
76 2951 102 2999 la
120 2951 293 3012 subsistence,
316 2951 379 2999 mais
399 2958 470 2999 entre
489 2956 559 3000 toute
578 2965 683 2999 essence
702 2950 787 3012 rielle,
807 2949 941 3015 singuliire
961 2960 987 2999 et
1004 2967 1031 3000 sa

38 3031 213 3091 subsistence,
238 3045 287 3079 une
311 3029 458 3080 distinction
477 3027 560 3091 re'elle,
580 3032 692 3095 positive.
729 3032 768 3079 La
786 3030 864 3079 chose
883 3046 910 3079 se
929 3030 1032 3094 conqoit

36 3111 175 3170 d’ailleurs,
197 3111 233 3158 du
251 3119 364 3160 moment
382 3127 431 3175 que
449 3109 501 3159 l'on
520 3112 605 3160 admet
623 3127 672 3176 que
690 3111 714 3160 la
733 3111 889 3160 subsistence
908 3109 973 3160 n'est
985 3127 1031 3175 pas

36 3200 103 3240 autre
124 3192 209 3241 chose
224 3205 273 3256 que
285 3190 432 3241 l'existence
445 3191 593 3253 elle-meme,
615 3191 791 3252 subsistentia,
811 3191 883 3255 quasi
896 3190 922 3239 in
935 3207 962 3240 se
976 3190 1031 3256 ipso

36 3270 183 3322 sistentia‘»
208 3267 329 3335 (Merctor
346 3272 371 3326 l..
383 3287 404 3320 c.
424 3289 450 3336 p.
472 3269 544 3336 112).

95 3351 107 3382 ²
128 3354 173 3402 Cf.
194 3353 221 3401 S.
246 3352 341 3412 Thon,
361 3352 387 3400 S.
407 3352 483 3400 theol.
504 3351 550 3411 III,
571 3369 595 3416 q.
615 3365 639 3412 4,
660 3369 682 3399 a.
705 3364 715 3399 1
738 3351 770 3398 ad
791 3363 805 3411 3
825 3361 850 3397 ct
868 3368 890 3398 a.
912 3365 962 3399 2e.

825 3434 876 3482 18*
