2350 3700
257 141 295 178 DE
316 142 493 179 SYLLOGISMO
513 142 692 179 CATEGORICO
711 142 865 179 PERFECTO.
1022 140 1054 193 75

126 291 220 349 Unde
255 292 344 350 falsus
379 300 424 349 est
458 290 660 365 syllogismus:
700 291 811 365 Aliqua
846 301 981 349 creatura
1014 301 1059 349 est

66 379 228 439 rationalis.
272 380 365 455 Atqui
394 381 443 438 leo
472 391 516 438 est
543 389 687 439 creatura.
730 381 811 455 Ergo
837 381 886 438 leo
907 391 952 439 est
972 380 1059 438 ratio

66 469 151 528 nalis,
202 470 251 528 Sic
279 471 369 529 etiam
397 490 452 528 non
481 477 570 527 rectos
596 479 640 527 est
667 470 716 527 hic
746 469 946 544 syllogismus,
976 469 1059 528 cuius

67 560 222 619 conclusio
249 571 351 618 tamen
382 568 426 617 est
453 578 540 617 ocra:
571 558 679 617 Omnis
706 560 797 617 homo
826 570 870 618 est
898 558 1057 617 rationalis.

66 649 161 723 Atqui
181 650 286 707 Petrus
307 658 351 707 est
372 648 532 707 rationalis.
574 650 657 723 Ergo
678 650 781 707 Petrus
803 658 847 707 est
867 648 967 707 homo

128 738 239 795 Ambae
258 739 443 814 affirmantes
463 745 603 813 nequeunt
625 756 765 810 generare
784 745 938 810 negantem.
982 738 1058 797 Cum

68 827 150 885 enim
171 828 204 885 in
225 828 394 902 praemissis
415 829 496 886 nulla
516 828 553 885 sit
572 827 710 901 negatio,
739 827 893 885 conclusio
920 827 1060 902 negativa

68 918 98 974 in
119 917 193 992 ipsis
222 916 364 993 implicite
392 936 455 975 non
482 917 639 975 invenitur.
681 916 811 975 Proinde
838 935 897 975 nec
920 916 1059 992 explicite

7 1072 8 1077 ἵ
67 1006 134 1064 talis
157 1006 311 1065 conclusio
333 1006 482 1065 enuntiari
502 1016 609 1081 potest.

128 1096 260 1170 Utroque
279 1098 306 1153 se'
318 1098 479 1172 praemissa
493 1103 580 1168 neget,
603 1096 679 1152 nine'l
695 1097 760 1152 inde
777 1103 913 1169 sequetur.
950 1096 985 1155 Id
1007 1107 1059 1167 est,

69 1185 91 1243 si
113 1185 223 1243 ambae
245 1184 426 1259 praemissae
448 1196 515 1243 sunt
535 1184 757 1260 propositiones
777 1185 951 1259 negativae,
979 1186 1061 1243 nulla

70 1274 226 1332 conclusio
246 1292 283 1332 ex
303 1274 375 1349 ipsis
396 1274 459 1332 erui
480 1283 587 1348 potest.
630 1276 716 1332 Tunc
745 1273 824 1332 enim
847 1273 885 1333 de
906 1274 1059 1345 relatione,

70 1383 161 1438 quarn
183 1363 244 1422 duo
266 1374 399 1421 extrema
417 1365 529 1423 habent
549 1363 627 1421 inter
647 1381 687 1434 se,
710 1363 783 1421 nihil
804 1363 912 1422 dicitnr
932 1364 963 1422 in
977 1383 1061 1440 prae-

70 1452 175 1511 missis
212 1452 342 1511 Proinde
371 1471 429 1511 nec
455 1452 486 1509 in
512 1452 706 1511 conclusione
734 1452 773 1511 de
801 1452 871 1526 ipsis
900 1452 1060 1528 quicquam

71 1551 153 1600 recte
176 1542 323 1600 enuntiari
344 1551 443 1617 potest
465 1538 503 1617 (p.
527 1545 574 1617 67,
597 1544 645 1617 fig.
672 1537 729 1616 13).

131 1632 261 1689 Peiorem
281 1634 408 1706 seque'tur
427 1640 534 1707 semper
556 1632 691 1689 conclusio
712 1638 834 1706 partem.
877 1631 980 1689 Sensus
1001 1641 1060 1689 est:

70 1722 95 1779 si
116 1722 211 1778 altera
225 1720 388 1795 praemissa
402 1720 576 1778 affirmativa
591 1720 686 1790 fuerit,
709 1722 802 1778 altera
821 1721 969 1795 negativa,
992 1739 1061 1778 con·

70 1809 167 1868 clusio
197 1810 253 1868 erit
279 1810 435 1885 negativa3
465 1809 489 1868 si
517 1809 610 1868 altera
637 1808 810 1868 universalis
838 1809 940 1883 fuerit,
969 1811 1061 1868 altera

7 1937 10 1948 ,
70 1899 267 1976 particularis
290 1899 442 1958 conclusio
464 1899 519 1957 erit
540 1899 732 1974 particularis.

7 1979 8 1986 ἵ
131 1990 239 2048 Reno:

135 2100 161 2136 1.
190 2079 299 2136 Prioris
327 2078 497 2138 assertionis
525 2078 601 2136 ratio
629 2088 711 2152 patet
739 2098 776 2137 ex
797 2078 862 2153 ipsa
883 2089 987 2137 natura
1008 2081 1061 2155 syl·

70 2167 192 2242 logismi
216 2163 255 2243 (p.
280 2171 326 2239 66,
348 2170 396 2242 fig.
423 2161 479 2242 11).

134 2278 161 2314 2.
184 2256 220 2314 Si
245 2258 338 2314 altere
352 2259 513 2332 praemissu
527 2256 628 2330 suerit
646 2259 831 2326 uneoersole's,
861 2260 955 2315 altero
969 2262 1061 2335 purti-

70 2347 187 2415 cularis,
211 2348 346 2404 conclusio
360 2347 550 2421 particularis
571 2349 610 2404 sit
628 2354 743 2422 oportet.
786 2347 920 2406 Etenim:

131 2431 161 2510 a)
185 2436 229 2493 Sit
243 2437 339 2510 primo
354 2443 473 2511 utroque
488 2438 648 2511 praemisso
662 2436 852 2511 affirmativa.
888 2440 973 2496 Tunc
988 2456 1062 2495 unus

69 2535 187 2582 tantum
209 2524 240 2581 in
262 2523 332 2598 ipsis
353 2524 520 2583 invenietur
534 2525 677 2584 terminus
695 2525 876 2596 universalis,
898 2525 1062 2584 subiectum

70 2614 187 2673 scilicet
201 2613 381 2688 praemissae
396 2613 577 2672 universalis.
617 2613 677 2672 Sed
698 2614 840 2673 terminus
861 2615 918 2687 ille,
940 2625 1063 2690 propter

71 2703 208 2778 regulam
233 2704 311 2760 «Aut
325 2705 417 2762 semel
438 2715 488 2760 aut
501 2702 607 2761 iterum
623 2749 629 2760 .
647 2750 651 2760 .
670 2723 705 2773 .>›,
729 2704 843 2762 medius
864 2705 1006 2763 terminus
1027 2705 1063 2763 sit

71 2802 201 2868 oportet.
238 2792 379 2850 Extrema
392 2791 518 2868 proinde
540 2792 571 2848 in
586 2793 755 2866 praemissis
776 2804 862 2852 erunt
875 2794 1064 2869 particularia

70 2893 100 2940 et
131 2892 356 2955 consequenter
385 2881 416 2938 in
447 2881 642 2941 conclusione
671 2883 843 2941 necessario
875 2883 1064 2958 particularia

71 2983 161 3030 erunt
188 2971 270 3029 iuxta
297 2971 428 3046 regulam
461 2971 579 3029 «Latius
600 2972 664 3030 hos.
686 2976 746 3029 ..>)“.
788 2972 949 3030 Conclusio
977 2973 1064 3049 igitur

71 3061 102 3118 in
123 3061 185 3118 hoc
207 3078 279 3118 casu
300 3059 355 3118 erit
375 3059 567 3136 particularis.

132 3144 164 3225 b)
188 3149 233 3208 Sit
253 3150 346 3206 altera
366 3150 565 3225 affirmativa,
589 3151 683 3206 alteru
704 3151 843 3223 uegetiore.
887 3153 974 3209 Tunc
995 3170 1064 3209 con·

72 3239 167 3298 clusio
196 3239 253 3296 erit
279 3239 432 3314 negativa,
454 3248 577 3314 propter
599 3241 733 3313 regulam
760 3257 849 3313 supra
872 3239 1062 3295 declaratam.

73 3328 133 3387 Sed
163 3328 256 3386 etiam
286 3327 470 3402 particularis
499 3325 671 3384 necessario
701 3325 765 3383 erit.
816 3325 848 3381 Si
877 3324 958 3381 enim
987 3333 1065 3380 esset
