2350 3700
306 206 392 243 NOTIO
410 206 570 244 RATIOClNll
590 208 761 245 EVOLVITUR.
994 198 1027 258 67

21 352 288 412 contradictionis
303 356 319 412 ¹.
368 354 454 428 Quae
485 355 608 431 quidem
637 355 784 432 principia
814 357 930 428 omnia,
961 376 1028 416 cum

20 442 100 498 talia
125 442 203 514 sint,
234 444 317 501 utin
345 443 415 519 ipsis
435 444 604 519 legitimitas
633 445 781 503 ratiocinii
805 444 959 518 fundetur,
988 446 1030 505 di·

22 541 143 589 cuntur
166 532 317 591 ratiocinii
332 533 556 607 fundamento&

354 622 437 681 Hinc
458 624 547 681 etiam
569 635 703 699 apparet,
728 643 780 683 cur
801 625 859 682 sint
881 624 1029 700 quaedam

83 730 179 830 ΟΛ
205 744 208 748 .
248 708 276 757 0
301 710 459 770 relationes
474 712 599 771 duarum
613 712 747 771 idearum
764 731 832 771 cum
846 712 940 785 tertia,
960 732 1030 788 qua·

301 818 365 857 rum
380 800 512 875 cognitio
527 801 566 860 ad
580 801 856 877 pronuntiationem
870 801 951 860 circa
960 819 1030 859 con·

138 905 223 1015 OB
300 888 482 948 venientiam
502 890 550 948 vel
571 890 801 966 repugnantiam
821 890 937 948 illarum
961 891 1029 948 dua·

301 996 365 1035 rum
387 978 521 1037 idearum
541 979 617 1037 nihil
633 979 758 1038 confert.
788 979 849 1053 Qui
862 978 944 1038 videt
958 996 984 1037 e.
999 998 1028 1054 g.

108 1095 160 1145 Εἰς,
180 1110 212 1136 ,2
301 1064 359 1142 (fig.
379 1062 549 1142 12)Aesse
563 1068 595 1126 in
613 1068 640 1125 C
651 1067 891 1138 etBesseinC,
907 1080 937 1127 et
950 1068 1029 1126 hanc

300 1156 541 1215 convenientiam
563 1156 711 1227 enuntiat,
740 1157 765 1215 is
792 1157 866 1215 nihil
886 1156 1029 1233 implicite

34 1242 109 1300 dicit
140 1244 180 1302 de
209 1246 354 1304 relatione
380 1246 409 1303 Α
437 1248 476 1305 ad
496 1248 536 1305 B.
578 1250 670 1318 Item,
702 1247 725 1305 si
752 1246 924 1323 pronuntiat
951 1266 977 1305 e.
1000 1266 1028 1322 g.

35 1351 140 1407 neque
162 1332 192 1390 Α
220 1352 320 1410 neque
343 1337 375 1392 B
399 1354 463 1395 esse
491 1336 522 1394 in
546 1336 573 1393 C
592 1332 651 1412 (fig.
676 1330 738 1411 13),
768 1336 806 1394 de
834 1335 979 1394 relatione
1000 1336 1029 1392 Α

614 1425 653 1484 ad
673 1425 706 1481 B
725 1424 797 1482 nihil
819 1424 899 1483 dicit.

64 1509 151 1608 ΟΛ
198 1510 284 1609 BO
341 1475 472 1667 ΘΑ
663 1516 715 1571 lll.
737 1514 888 1571 Elementa
902 1512 1030 1589 proinde

615 1602 761 1661 ratiocinii
775 1604 851 1661 haec
867 1613 949 1661 sunt:
972 1605 1031 1659 trio

614 1693 726 1761 indicio,
748 1699 805 1749 tres
825 1694 964 1760 notzones,
994 1709 1031 1749 ex

299 1784 340 1835 iol
615 1781 721 1856 quibus
729 1781 946 1839 constituuntur
954 1781 1029 1838 haec

614 1873 670 1929 tria
699 1870 820 1942 iudicia,
852 1873 964 1928 conexio
990 1871 1030 1927 ul·

614 1959 677 2017 timi
705 1958 806 2018 iudicii
835 1977 903 2017 cum
928 1957 1030 2034 priori-

275 2078 322 2128 ng,
341 2092 371 2128 ,3,
616 2048 679 2106 bus.
709 2047 822 2106 Iudicia
842 2058 873 2106 et
892 2047 1031 2106 notiones

615 2147 682 2194 sunt
718 2138 838 2194 motoria
874 2137 1029 2207 ratiocinii,

36 2225 112 2282 illud
135 2225 250 2283 scilicet
274 2243 310 2282 ex
336 2244 390 2300 qno
411 2226 583 2301 conficitur3
611 2228 724 2284 conexio
751 2244 824 2285 vero
843 2225 948 2299 forma
968 2225 1031 2283 eius

37 2325 91 2386 est,
115 2314 135 2372 i.
159 2332 185 2372 e.
207 2315 397 2386 elementum,
419 2334 473 2389 qno
488 2315 538 2389 fit,
561 2326 593 2372 ut
613 2315 669 2373 tria
690 2316 739 2372 illa
760 2314 869 2373 iudicia
889 2333 952 2372 non
973 2313 1031 2372 sint

101 2518 110 2550 ¹
131 2519 171 2568 cf.
192 2521 386 2585 Lepidi,.Elem.
406 2521 469 2588 phil.
489 2523 574 2572 christ.
595 2523 646 2573 vol,
666 2523 686 2582 1,
706 2540 731 2588 p.
753 2533 812 2586 277.
833 2533 892 2584 279.

100 2597 112 2629 ²
135 2601 209 2649 «Hoc
229 2601 382 2667 principium
402 2599 504 2666 (,Idem,
525 2604 594 2668 quod
613 2602 735 2668 implicite
753 2604 871 2653 asseritur
891 2643 895 2651 .
913 2643 917 2651 .
933 2604 947 2652 ,‘
967 2601 1029 2667 etc.)

37 2681 73 2729 sic
93 2681 238 2745 expositum
257 2698 309 2730 non
328 2682 411 2732 differt
429 2699 456 2732 re
476 2683 530 2748 ipsa
548 2685 581 2732 ab
600 2683 663 2744 aliis,
683 2701 747 2749 quae
766 2684 849 2733 solent
860 2700 908 2748 pro
921 2685 969 2733 hac
981 2700 1030 2732 ma-

38 2761 104 2810 teria
123 2762 230 2823 adduci,
258 2763 306 2811 nisi
332 2763 389 2828 quia
415 2779 468 2812 rem
494 2765 602 2813 eandem
627 2764 717 2813 clarius
742 2766 806 2813 forte
832 2765 960 2829 proponit.
998 2764 1031 2813 Et

38 2858 99 2891 vere
119 2842 230 2906 quidem,
251 2843 352 2908 quando
372 2843 465 2893 dicitur
483 2844 636 2910 principium
654 2845 780 2895 ratiocinii
798 2861 853 2894 esse
866 2845 942 2893 illud:
964 2847 1031 2906 Qnoe

39 2931 100 2971 sunt
117 2923 201 2972 eodem
219 2925 267 2972 uni
283 2927 366 2984 tertio,
392 2925 551 2974 sunteadeen
569 2927 689 2985 intense,
715 2925 769 2974 vel:
796 2927 856 2973 Dici
872 2927 901 2974 de
918 2927 987 2974 omni
1010 2934 1033 2976 et

41 3005 88 3052 dici
104 3004 134 3052 de
151 3005 229 3062 nullo,
249 3005 299 3052 hoc
318 3014 369 3053 est:
389 3004 521 3068 Quidquid
540 3005 632 3053 dicitur
650 3005 825 3054 universaliter
844 3005 876 3052 de
896 3005 1029 3070 aliquare,

42 3085 136 3134 dicitur
154 3084 187 3132 de
206 3084 275 3132 omni
295 3093 416 3134 contenta
434 3085 482 3134 sub
501 3085 591 3132 illa-
610 3093 642 3145 et,
663 3085 794 3149 Quidquid
814 3093 921 3150 negatur
939 3087 971 3134 de
990 3087 1030 3134 ali-

42 3181 92 3228 qua
110 3181 146 3224 re,
166 3173 274 3228 negatur
292 3165 323 3213 de
342 3165 411 3213 omni
432 3173 550 3214 contenta
569 3165 617 3213 sub
630 3165 674 3214 illa
686 3193 720 3199 —
737 3166 785 3223 vel,
807 3167 875 3224 Quae
892 3173 952 3212 nent
969 3167 1031 3214 idem

42 3245 131 3306 eidem,
156 3253 218 3293 sunt
234 3245 295 3294 Mem
313 3248 380 3294 inter
396 3262 434 3304 se,
454 3239 493 3304 et,
515 3246 627 3304 Quorum
645 3261 726 3293 unum
744 3252 779 3292 est
795 3245 857 3291 idem
875 3259 930 3290 cnm
948 3245 1031 3305 aliquo

42 3327 126 3386 tertio,
145 3325 218 3374 alind
232 3341 289 3373 vero
308 3341 358 3373 non
377 3332 413 3373 est
430 3325 504 3382 idem,
530 3340 559 3372 ea
577 3339 628 3370 non
646 3330 706 3370 sunt
722 3323 784 3370 ollem
802 3322 908 3368 interro
926 3346 960 3352 —
980 3328 1032 3368 tota

42 3406 86 3464 vis,
107 3413 135 3452 ut
153 3414 232 3469 patet,
252 3403 341 3452 horum
360 3404 544 3468 principiorum
563 3401 590 3448 in
607 3418 637 3448 eo
651 3401 800 3456 continetur,
820 3398 889 3460 quod
902 3397 1030 3460 idipsum,

843 3480 879 3544 5*
