2350 3700
283 767 298 802 ’·
361 793 768 894 spaooauiou.

79 1123 188 1210 Hunc
209 1147 247 1204 de
269 1147 374 1222 primis
393 1143 601 1222 philosophiae
618 1146 774 1205 elementis
787 1147 952 1224 conscripsi
965 1147 1071 1205 librum

78 1238 121 1294 ad
142 1255 227 1294 usum
248 1235 423 1311 praesertim
442 1253 554 1306 eorum,
578 1235 629 1310 qui
643 1236 752 1294 scholis
766 1234 928 1309 intersunt3
948 1253 986 1296 eo
999 1253 1072 1298 vero

79 1325 224 1396 consilio,
254 1335 286 1387 ut
314 1335 343 1383 et
365 1323 497 1400 magistri
519 1334 554 1388 et,
569 1322 782 1405 discipulorum
802 1325 888 1383 simul
910 1325 1073 1386 rationibus

79 1414 296 1490 prospicerem.
339 1414 457 1472 Norunt
484 1414 564 1471 enim
592 1431 699 1472 omnes
726 1413 933 1490 philosophiae
961 1415 1073 1488 profes·

80 1521 167 1563 sores
192 1504 232 1561 ad
258 1503 411 1578 ingenium
440 1501 638 1566 excolendum
666 1503 789 1560 multum
811 1503 910 1562 valere
939 1521 1071 1578 operam,

82 1612 176 1668 quam
190 1592 335 1672 discipuh‚
351 1592 496 1672 magistro
507 1591 593 1663 duce,
612 1591 643 1649 in
657 1591 813 1654 scientiam
827 1593 1073 1667 consequendam

82 1681 141 1758 ipsi
162 1681 347 1759 impendunt.
378 1681 521 1757 Magistro
542 1681 672 1757 proinde
690 1681 722 1738 id
736 1681 862 1740 maxime
877 1683 1073 1757 spectandum

83 1777 138 1842 est,
160 1781 200 1844 ut,
221 1771 293 1829 dum
313 1770 457 1832 doctrina*¹
470 1770 615 1828 tironibus
634 1771 719 1845 quasi
740 1780 808 1828 ante
825 1772 930 1830 oculos
944 1771 1071 1846 ponitur,

83 1860 234 1935 quaedam
254 1871 355 1920 tamen
377 1879 496 1937 semper
522 1860 655 1937 ipsorum
683 1877 772 1918 curae
800 1870 829 1918 et
857 1860 964 1918 rationi
994 1879 1073 1919 com·

80 1949 302 2025 prehendenda
322 1950 532 2025 relinquantur.
576 1950 664 2022 Quae
685 1967 753 2007 cum
773 1950 814 2007 ita
834 1950 901 2019 sint,
923 1949 954 2007 in
975 1950 1073 2008 multis

83 2039 206 2098 nonnisi
226 2039 373 2114 principia
394 2050 424 2098 et
445 2038 528 2114 quasi
549 2039 705 2097 materiam
733 2037 855 2114 exposui
883 2056 1002 2111 eorum,
1033 2040 1072 2097 de

85 2128 193 2204 quihus
213 2129 358 2205 magister,
373 2128 445 2205 ipse,
465 2147 523 2206 pro
542 2146 575 2201 re
589 2137 667 2198 nata,
691 2126 840 2203 copiosius
855 2127 956 2185 dicere
971 2127 1071 2204 possit.

84 2208 321 2293 'Nonnumquam
339 2205 666 2286 'tamen'difficultat'eS,
696 2233 735 2274 ne
764 2231 865 2274 earum
893 2218 1074 2275 causa'sale·

84 2306 203 2365 brosior
223 2309 307 2365 fieret
327 2308 366 2365 ad
394 2306 582 2381 disciplinam
611 2323 762 2376 accessuS,
791 2306 906 2363 mollire
934 2307 997 2382 ipse
1026 2324 1074 2364 co-

86 2406 172 2454 natus
194 2415 265 2455 sum.
296 2444 305 2455 ,.
384 2454 386 2459 ,

130 2479 182 2552 Ἰη
201 2494 250 2551 via
270 2513 341 2553 vero
363 2512 453 2569 quam
475 2493 615 2551 adhunc
636 2493 763 2550 fructum
784 2493 1003 2567 assequendum
1032 2492 1073 2549 in-

87 2602 203 2659 gressus
223 2602 296 2654 sum,
319 2582 419 2641 animo
434 2582 587 2657 mentique
603 2581 720 2658 penitus
734 2580 806 2638 mihi
820 2582 994 2639 mandanda
1008 2599 1072 2640 esse

88 2672 157 2730 duxi
177 2691 221 2743 ea,
244 2690 321 2748 quae
335 2672 474 2730 universo
490 2670 566 2729 Orbi
580 2672 680 2746 palam
694 2670 855 2728 declaravit
869 2670 1073 2729 Sanctissimus

88 2760 233 2819 Dominus
247 2762 356 2819 Noster
370 2761 428 2819 [eo
441 2760 531 2825 XIII
545 2760 700 2834 praeclara
714 2758 764 2816 illa
778 2758 940 2833 Encyclica
951 2759 1075 2816 Aeterni

88 2851 203 2919 Patris,
235 2868 295 2924 qua
325 2868 415 2908 aurea
445 2848 545 2908 Sancti
576 2848 711 2906 Thomae
742 2845 887 2923 sapientia
916 2858 1072 2924 tantopere

89 2939 321 2997 commendatur.
364 2940 481 3013 Quare,
513 2937 584 2995 dum
613 2936 717 2995 libenti
738 2946 883 3011 gratoque
905 2936 1005 2995 animo
1027 2956 1074 2995 ex-

90 3027 258 3103 cipiendum
280 3046 345 3087 esse
366 3026 436 3087 duxi
458 3026 604 3103 quidquid
619 3026 769 3101 sapienter
783 3025 903 3096 dictum,
927 3026 1073 3101 quidquid

90 3118 195 3175 utiliter
217 3117 303 3176 fuerit
324 3138 341 3175 a
363 3116 505 3193 quopiam
525 3116 680 3174 inventum
701 3124 789 3189 atque
804 3114 1011 3188 excogitatum,
1034 3114 1072 3173 ad

91 3206 227 3281 Angelici
248 3207 388 3265 Doctoris
413 3205 605 3274 sententiam,
634 3204 700 3277 ipso
721 3202 856 3276 Magistri
877 3202 993 3272 animo,
1022 3203 1073 3258 im·

40 3356 42 3369 ‚
92 3295 190 3372 primis
210 3296 424 3355 recurrendum
445 3311 509 3353 esse
530 3290 687 3349 autumavi.
