2350 3700
238 140 277 174 DE
297 139 474 176 IDENTITATE
494 141 530 178 ET
550 142 589 177 DE
608 141 825 180 DISTINCTIONE.
977 141 1027 193 247

104 305 129 359 3.
143 286 288 344 Meralz's:
309 305 347 348 ea
360 297 412 356 est,
428 305 505 361 qnae
518 290 667 346 invenitur
681 290 712 346 in
726 308 766 358 re,
784 308 869 364 quae,
883 290 953 348 licet
967 310 1029 349 suc-

52 375 152 433 cessive
173 386 203 432 et
223 393 293 432 vere
314 385 458 445 mutetur,
487 378 581 433 eadem
602 385 696 435 tamen
720 380 832 435 uidetur
856 381 980 436 externis
1000 391 1051 441 et.

51 465 77 520 in
107 463 324 522 existimatione
362 465 526 522 hominum.
578 467 614 523 V.
650 484 678 540 g.
715 483 823 542 eorpus
857 467 1028 540 humanum,

50 552 174 623 societas
198 564 254 611 etc.

100 644 135 700 H.
157 642 302 700 Identitas
323 643 445 700 relativa
465 644 512 701 vel
534 644 623 714 logica
643 645 690 702 vel
712 643 849 714 rationiS,
873 663 949 719 quae
971 658 1027 705 est:

48 732 138 788 relatio
157 732 337 788 indmisienis
350 731 483 805 fundate
502 733 534 788 in
554 733 662 788 unitate
680 735 812 805 generica
832 734 879 792 ael
895 736 1027 809 specifica.

48 821 191 878 Invenitur
212 821 289 878 inter
310 837 354 891 ea,
378 837 455 895 quae
469 820 555 894 plura
569 831 636 878 sunt
656 822 821 879 secundum
842 839 913 892 rem,
936 841 1027 880 unum

47 920 150 979 autern,
177 908 345 968 seeundum
372 910 517 968 rationem
542 910 591 967 vel
613 919 801 984 conceptum.
844 912 878 968 E.
901 929 928 986 g.
951 911 1028 970 inter

45 999 156 1055 Petnun
185 1009 217 1055 et
237 999 359 1054 Paulum
386 1016 449 1056 non
478 1009 523 1057 est
545 997 683 1056 identitas
704 998 807 1069 realis,
836 999 906 1074 quia
926 1001 1028 1058 Petrus

44 1099 82 1144 est
100 1105 209 1145 revera
230 1087 363 1145 diversus
384 1088 516 1155 aPaulo‚
539 1087 592 1145 sed
614 1098 657 1146 est
671 1088 809 1145 identitas
830 1089 937 1162 logica,
959 1088 1029 1163 quia

43 1176 204 1234 seeundum
225 1186 404 1251 conceptum
425 1175 570 1247 hominiS,
599 1175 713 1250 inquo
735 1176 932 1246 conveniunt,
961 1188 1028 1235 sunt

42 1264 122 1322 idem.
166 1267 225 1322 Est
244 1274 358 1323 autem:

97 1374 121 1411 1.
154 1355 346 1422 Essentialis,
379 1354 503 1428 quando
532 1364 711 1429 conceptus,
741 1353 772 1411 in
803 1372 863 1429 quo
892 1354 1030 1412 fundatur

39 1442 185 1513 identitas,
211 1453 414 1518 repraesentat
435 1443 549 1517 aliquid
569 1443 609 1501 de
630 1442 764 1501 essentia.
808 1446 889 1501 Inter
909 1444 1028 1502 Petrum

38 1542 63 1588 et
82 1533 214 1589 Paulum
242 1542 286 1589 est
312 1531 452 1590 identitas
473 1532 571 1606 logica
592 1531 764 1595 essentialia.
806 1533 845 1590 Et
871 1533 946 1590 haee
967 1543 1026 1590 est:

92 1614 121 1694 a)
140 1622 288 1693 generice,
310 1620 432 1694 quando
453 1620 502 1678 ille
517 1629 680 1695 conceptus
695 1630 898 1694 repraesentat
919 1638 1028 1694 genus3

36 1708 109 1767 inter
129 1710 258 1767 Petrum
278 1720 308 1766 et
328 1708 444 1766 asinum
465 1719 510 1767 est
530 1708 668 1767 identitas
689 1708 830 1783 generica
851 1731 884 1755 =
902 1709 1028 1782 animal3

92 1793 123 1873 b)
138 1799 280 1875 specifica
303 1798 425 1873 quando
439 1799 488 1856 ille
503 1809 666 1873 conceptus
680 1806 883 1874 repraesentat
897 1799 1028 1873 speciem

38 1910 68 1935 =
80 1888 265 1958 essentiam3
279 1887 356 1945 inter
365 1890 484 1945 Petrum
499 1898 528 1945 et
537 1888 660 1945 Paulum
670 1897 714 1946 est
728 1886 866 1946 identitas
877 1888 1027 1962 specifica.

91 2000 117 2035 2.
148 1977 358 2046 Accidentalis,
389 1977 510 2051 quando
539 1987 717 2051 conceptus,
747 1977 777 2033 in
797 1988 866 2050 nuo
889 1976 1029 2035 fundatur

32 2066 184 2136 identitaS,
209 2076 413 2141 repraesentat
431 2065 544 2140 aliquid
558 2065 751 2123 accidentale.
788 2068 868 2123 Inter
882 2083 1028 2139 papyrum

30 2158 130 2214 album
153 2166 190 2214 et
213 2156 312 2213 nivem
333 2167 377 2214 est
398 2156 536 2213 identitas
556 2156 655 2230 logica
676 2154 876 2225 accidentalis
899 2155 923 2212 si
944 2173 1029 2212 mens

30 2245 160 2303 attendit
184 2245 226 2301 ad
247 2244 419 2318 qualitatem
440 2245 593 2303 albedinis.
636 2246 705 2302 Est:
747 2286 749 2292 ι

85 2329 115 2408 a)
139 2334 330 2408 qualitativa,
352 2334 376 2391 si
397 2345 560 2408 conceptus
574 2333 624 2391 ille
639 2342 842 2408 repraesentat
857 2331 969 2407 aliquid
990 2331 1028 2389 de

28 2424 189 2498 qualitate,
212 2421 295 2479 utin
317 2424 455 2498 exemplo
475 2423 568 2480 modo
589 2423 695 2496 allat03

83 2506 119 2586 b)
135 2512 347 2585 quantitative,
359 2511 382 2568 si
393 2522 596 2585 repraesentat
606 2510 717 2586 aliquid
727 2510 879 2586 pertinens
889 2509 928 2567 ad
938 2528 1028 2583 quan·

28 2600 153 2665 ritatem.
204 2598 254 2656 Sic
275 2598 335 2657 duo
353 2599 490 2675 pondera
511 2610 704 2658 centenorum
726 2616 935 2673 grammorum,
957 2598 1026 2654 item

28 2690 84 2749 duo
99 2698 210 2748 metra
220 2687 357 2746 dicuntur
371 2688 510 2759 identiea,
525 2687 679 2746 identitate
695 2687 816 2745 relativa
826 2686 1026 2762 quantitative.

361 2844 379 2911 ξ
399 2860 422 2896 2.
455 2849 498 2897 De
518 2846 706 2897 distinctione.

81 2961 252 3021 Identitati
266 2961 393 3019 diximus
406 2960 520 3036 opponi
535 2960 765 3032 distinctionem,
784 2979 860 3035 quae
875 2960 1026 3018 definitur:

28 3052 160 3109 absentia
185 3051 347 3107 identitatis.

81 3140 221 3214 Duplex
241 3138 405 3213 generatim
426 3138 628 3212 distinguitur:

82 3232 108 3287 I.
135 3227 305 3285 Distinetio
326 3228 430 3284 realis:
456 3234 498 3284 est
517 3227 643 3283 absentia
663 3227 817 3283 identitatis
840 3226 915 3279 inter
929 3225 1029 3296 plnres

28 3342 76 3387 es,
104 3334 244 3393 quaram
263 3336 322 3378 aaa
336 3336 392 3378 nen
405 3322 447 3372 est
459 3316 528 3382 alia,
550 3314 764 3389 independenter
781 3332 800 3369 a
814 3311 1029 3369 consideratione
