<?xml version="1.0" encoding="UTF-8"?>
<!DOCTYPE html PUBLIC "-//W3C//DTD XHTML 1.0 Transitional//EN"
    "http://www.w3.org/TR/xhtml1/DTD/xhtml1-transitional.dtd">
<html xmlns="http://www.w3.org/1999/xhtml" xml:lang="en" lang="en">
 <head>
  <title>
</title>
<meta http-equiv="Content-Type" content="text/html;charset=utf-8" />
  <meta name='ocr-system' content='tesseract 3.04.00' />
  <meta name='ocr-capabilities' content='ocr_page ocr_carea ocr_par ocr_line ocrx_word'/>
</head>
<body>
  <div class='ocr_page' id='page_1' title='image "./elementaphiloso00reingoog_0029.png"; bbox 0 0 2350 3700; ppageno 0'>
   <div class='ocr_carea' id='block_1_1' title="bbox 476 150 576 188">
    <p class='ocr_par' dir='ltr' id='par_1_1' title="bbox 476 150 576 188">
     <span class='ocr_line' id='line_1_1' title="bbox 476 150 576 188; baseline 0.02 -2"><span class='ocrx_word' id='word_1_1' title='bbox 476 150 576 188; x_wconf 81' lang='lat' dir='ltr'><strong>INDEX.</strong></span> 
     </span>
    </p>
   </div>
   <div class='ocr_carea' id='block_1_2' title="bbox 10 357 918 2590">
    <p class='ocr_par' dir='ltr' id='par_1_2' title="bbox 10 357 918 1949">
     <span class='ocr_line' id='line_1_2' title="bbox 100 357 917 426; baseline 0 -18"><span class='ocrx_word' id='word_1_2' title='bbox 100 357 119 423; x_wconf 65' lang='grc' dir='ltr'>ξ</span> <span class='ocrx_word' id='word_1_3' title='bbox 144 375 168 410; x_wconf 86' lang='lat'>1.</span> <span class='ocrx_word' id='word_1_4' title='bbox 198 362 379 426; x_wconf 83' lang='lat' dir='ltr'>Dynamismus</span> <span class='ocrx_word' id='word_1_5' title='bbox 398 362 532 425; x_wconf 80' lang='lat' dir='ltr'>exponitur</span> <span class='ocrx_word' id='word_1_6' title='bbox 592 399 917 409; x_wconf 92' lang='lat'>.....</span> 
     </span>
     <span class='ocr_line' id='line_1_3' title="bbox 101 437 510 506; baseline 0.002 -18"><span class='ocrx_word' id='word_1_7' title='bbox 101 437 120 502; x_wconf 68' lang='grc' dir='ltr'>ξ</span> <span class='ocrx_word' id='word_1_8' title='bbox 143 454 168 490; x_wconf 88' lang='lat'>2.</span> <span class='ocrx_word' id='word_1_9' title='bbox 198 443 355 489; x_wconf 90' lang='lat' dir='ltr'>Atomismus</span> <span class='ocrx_word' id='word_1_10' title='bbox 374 441 510 506; x_wconf 86' lang='lat' dir='ltr'>exponitur</span> 
     </span>
     <span class='ocr_line' id='line_1_4' title="bbox 204 521 916 570; baseline 0.001 -2"><span class='ocrx_word' id='word_1_11' title='bbox 204 521 223 570; x_wconf 90' lang='lat'>1.</span> <span class='ocrx_word' id='word_1_12' title='bbox 252 521 406 570; x_wconf 90' lang='lat' dir='ltr'>Atomismus</span> <span class='ocrx_word' id='word_1_13' title='bbox 426 522 587 570; x_wconf 86' lang='lat' dir='ltr'>mechanicus</span> <span class='ocrx_word' id='word_1_14' title='bbox 606 521 646 569; x_wconf 92' lang='lat' dir='ltr'>vel</span> <span class='ocrx_word' id='word_1_15' title='bbox 665 531 790 570; x_wconf 87' lang='lat' dir='ltr'>extremus</span> <span class='ocrx_word' id='word_1_16' title='bbox 832 559 837 570; x_wconf 85' lang='lat'>.</span> <span class='ocrx_word' id='word_1_17' title='bbox 912 559 916 569; x_wconf 87' lang='grc'>.</span> 
     </span>
     <span class='ocr_line' id='line_1_5' title="bbox 194 600 917 665; baseline 0.001 -17"><span class='ocrx_word' id='word_1_18' title='bbox 194 602 226 649; x_wconf 94' lang='lat' dir='ltr'>II.</span> <span class='ocrx_word' id='word_1_19' title='bbox 255 602 409 650; x_wconf 89' lang='lat' dir='ltr'>Atomismus</span> <span class='ocrx_word' id='word_1_20' title='bbox 428 601 554 650; x_wconf 88' lang='lat' dir='ltr'>chemicus</span> <span class='ocrx_word' id='word_1_21' title='bbox 572 600 613 649; x_wconf 91' lang='lat' dir='ltr'>vel</span> <span class='ocrx_word' id='word_1_22' title='bbox 633 601 751 665; x_wconf 86' lang='lat' dir='ltr'>physicus</span> <span class='ocrx_word' id='word_1_23' title='bbox 777 601 816 650; x_wconf 84' lang='lat' dir='ltr'>vel</span> <span class='ocrx_word' id='word_1_24' title='bbox 841 602 917 650; x_wconf 85' lang='lat' dir='ltr'>etiarn</span> 
     </span>
     <span class='ocr_line' id='line_1_6' title="bbox 294 681 448 730; baseline 0 -1"><span class='ocrx_word' id='word_1_25' title='bbox 294 681 448 730; x_wconf 90' lang='lat' dir='ltr'>moderatior</span> 
     </span>
     <span class='ocr_line' id='line_1_7' title="bbox 103 757 917 826; baseline 0 -18"><span class='ocrx_word' id='word_1_26' title='bbox 103 757 122 822; x_wconf 64' lang='grc' dir='ltr'>ξ</span> <span class='ocrx_word' id='word_1_27' title='bbox 144 773 168 823; x_wconf 87' lang='lat'>3.</span> <span class='ocrx_word' id='word_1_28' title='bbox 198 761 436 826; x_wconf 89' lang='lat' dir='ltr'>Hylemorphismus</span> <span class='ocrx_word' id='word_1_29' title='bbox 455 762 589 826; x_wconf 85' lang='lat' dir='ltr'>exponitur</span> <span class='ocrx_word' id='word_1_30' title='bbox 672 799 676 809; x_wconf 93' lang='lat'>.</span> <span class='ocrx_word' id='word_1_31' title='bbox 752 800 756 809; x_wconf 93' lang='lat'>.</span> <span class='ocrx_word' id='word_1_32' title='bbox 832 799 836 808; x_wconf 92' lang='lat'>.</span> <span class='ocrx_word' id='word_1_33' title='bbox 912 800 917 808; x_wconf 91' lang='lat'><strong>.</strong></span> 
     </span>
     <span class='ocr_line' id='line_1_8' title="bbox 204 841 918 906; baseline 0 -16"><span class='ocrx_word' id='word_1_34' title='bbox 204 843 224 890; x_wconf 89' lang='grc' dir='ltr'>Ι.</span> <span class='ocrx_word' id='word_1_35' title='bbox 251 842 292 889; x_wconf 92' lang='lat' dir='ltr'>De</span> <span class='ocrx_word' id='word_1_36' title='bbox 303 842 397 906; x_wconf 90' lang='lat' dir='ltr'>duplici</span> <span class='ocrx_word' id='word_1_37' title='bbox 408 841 521 906; x_wconf 90' lang='lat' dir='ltr'>corporis</span> <span class='ocrx_word' id='word_1_38' title='bbox 532 842 613 890; x_wconf 90' lang='lat' dir='ltr'>omnis</span> <span class='ocrx_word' id='word_1_39' title='bbox 622 842 748 890; x_wconf 88' lang='lat' dir='ltr'>elemento</span> <span class='ocrx_word' id='word_1_40' title='bbox 756 842 918 890; x_wconf 87' lang='lat' dir='ltr'>constitutivo</span> 
     </span>
     <span class='ocr_line' id='line_1_9' title="bbox 194 922 915 986; baseline 0 -17"><span class='ocrx_word' id='word_1_41' title='bbox 194 922 226 970; x_wconf 89' lang='lat' dir='ltr'>ll.</span> <span class='ocrx_word' id='word_1_42' title='bbox 253 922 295 970; x_wconf 92' lang='lat' dir='ltr'>De</span> <span class='ocrx_word' id='word_1_43' title='bbox 313 938 446 986; x_wconf 91' lang='lat' dir='ltr'>corporum</span> <span class='ocrx_word' id='word_1_44' title='bbox 465 922 639 978; x_wconf 85' lang='lat' dir='ltr'>efformatione</span> <span class='ocrx_word' id='word_1_45' title='bbox 669 960 674 971; x_wconf 91' lang='lat'><strong><em>.</em></strong></span> <span class='ocrx_word' id='word_1_46' title='bbox 749 959 754 970; x_wconf 88' lang='lat'><em>.</em></span> <span class='ocrx_word' id='word_1_47' title='bbox 830 960 834 969; x_wconf 94' lang='lat'>.</span> <span class='ocrx_word' id='word_1_48' title='bbox 910 960 915 969; x_wconf 88' lang='lat'><em>.</em></span> 
     </span>
     <span class='ocr_line' id='line_1_10' title="bbox 176 1001 916 1052; baseline 0.001 -3"><span class='ocrx_word' id='word_1_49' title='bbox 176 1001 222 1050; x_wconf 91' lang='lat' dir='ltr'>Ill.</span> <span class='ocrx_word' id='word_1_50' title='bbox 249 1003 290 1050; x_wconf 91' lang='lat' dir='ltr'>De</span> <span class='ocrx_word' id='word_1_51' title='bbox 303 1003 452 1052; x_wconf 89' lang='lat' dir='ltr'>condicione</span> <span class='ocrx_word' id='word_1_52' title='bbox 461 1010 602 1052; x_wconf 89' lang='lat' dir='ltr'>atomorum</span> <span class='ocrx_word' id='word_1_53' title='bbox 616 1003 641 1051; x_wconf 89' lang='lat' dir='ltr'>in</span> <span class='ocrx_word' id='word_1_54' title='bbox 656 1002 916 1051; x_wconf 85' lang='lat' dir='ltr'>transformationibus</span> 
     </span>
     <span class='ocr_line' id='line_1_11' title="bbox 230 1082 915 1147; baseline 0.001 -17"><span class='ocrx_word' id='word_1_55' title='bbox 230 1083 268 1130; x_wconf 92' lang='lat' dir='ltr'>vel</span> <span class='ocrx_word' id='word_1_56' title='bbox 289 1082 314 1131; x_wconf 89' lang='lat' dir='ltr'>in</span> <span class='ocrx_word' id='word_1_57' title='bbox 334 1082 393 1146; x_wconf 90' lang='lat' dir='ltr'>ipsis</span> <span class='ocrx_word' id='word_1_58' title='bbox 413 1083 557 1147; x_wconf 89' lang='lat' dir='ltr'>compositis</span> <span class='ocrx_word' id='word_1_59' title='bbox 576 1083 783 1131; x_wconf 80' lang='lat' dir='ltr'>substantialibus</span> <span class='ocrx_word' id='word_1_60' title='bbox 829 1120 833 1131; x_wconf 95' lang='lat'>.</span> <span class='ocrx_word' id='word_1_61' title='bbox 909 1119 915 1131; x_wconf 91' lang='lat'><strong>.</strong></span> 
     </span>
     <span class='ocr_line' id='line_1_12' title="bbox 48 1162 915 1227; baseline 0.002 -19"><span class='ocrx_word' id='word_1_62' title='bbox 48 1163 109 1209; x_wconf 89' lang='lat' dir='ltr'>Art.</span> <span class='ocrx_word' id='word_1_63' title='bbox 126 1162 161 1210; x_wconf 84' lang='grc' dir='ltr'>ΙΙ.</span> <span class='ocrx_word' id='word_1_64' title='bbox 190 1163 312 1212; x_wconf 87' lang='lat' dir='ltr'>Diversae</span> <span class='ocrx_word' id='word_1_65' title='bbox 331 1165 469 1211; x_wconf 87' lang='lat' dir='ltr'>sententiae</span> <span class='ocrx_word' id='word_1_66' title='bbox 484 1164 549 1212; x_wconf 89' lang='lat' dir='ltr'>circa</span> <span class='ocrx_word' id='word_1_67' title='bbox 562 1163 768 1212; x_wconf 87' lang='lat' dir='ltr'>constitutionem</span> <span class='ocrx_word' id='word_1_68' title='bbox 782 1179 915 1227; x_wconf 88' lang='lat' dir='ltr'>corporum</span> 
     </span>
     <span class='ocr_line' id='line_1_13' title="bbox 230 1244 914 1292; baseline 0.001 -2"><span class='ocrx_word' id='word_1_69' title='bbox 230 1244 392 1292; x_wconf 82' lang='lat' dir='ltr'>aestimantur</span> <span class='ocrx_word' id='word_1_70' title='bbox 428 1281 914 1292; x_wconf 84' lang='lat'>.......</span> 
     </span>
     <span class='ocr_line' id='line_1_14' title="bbox 101 1319 913 1386; baseline 0 -17"><span class='ocrx_word' id='word_1_71' title='bbox 101 1319 121 1385; x_wconf 62' lang='grc' dir='ltr'>ξ</span> <span class='ocrx_word' id='word_1_72' title='bbox 145 1335 168 1371; x_wconf 91' lang='lat'>1.</span> <span class='ocrx_word' id='word_1_73' title='bbox 196 1323 351 1372; x_wconf 91' lang='lat' dir='ltr'>Aestimatur</span> <span class='ocrx_word' id='word_1_74' title='bbox 369 1323 538 1386; x_wconf 86' lang='lat' dir='ltr'>dynamismus</span> <span class='ocrx_word' id='word_1_75' title='bbox 588 1360 913 1371; x_wconf 90' lang='grc'>.....</span> 
     </span>
     <span class='ocr_line' id='line_1_15' title="bbox 10 1400 516 1472; baseline 0.008 -24"><span class='ocrx_word' id='word_1_76' title='bbox 10 1467 15 1472; x_wconf 28' lang='lat'><strong>¹</strong></span> <span class='ocrx_word' id='word_1_77' title='bbox 100 1400 121 1464; x_wconf 61' lang='grc' dir='ltr'>,ξ</span> <span class='ocrx_word' id='word_1_78' title='bbox 143 1415 168 1451; x_wconf 86' lang='lat'>2.</span> <span class='ocrx_word' id='word_1_79' title='bbox 196 1403 351 1453; x_wconf 89' lang='lat' dir='ltr'>Aestimatur</span> <span class='ocrx_word' id='word_1_80' title='bbox 370 1404 516 1452; x_wconf 85' lang='lat' dir='ltr'>atomismus</span> 
     </span>
     <span class='ocr_line' id='line_1_16' title="bbox 202 1483 912 1533; baseline 0.004 -4"><span class='ocrx_word' id='word_1_81' title='bbox 202 1496 221 1531; x_wconf 87' lang='lat'>1.</span> <span class='ocrx_word' id='word_1_82' title='bbox 248 1484 289 1531; x_wconf 91' lang='lat' dir='ltr'>De</span> <span class='ocrx_word' id='word_1_83' title='bbox 308 1483 439 1533; x_wconf 87' lang='lat' dir='ltr'>atomismo</span> <span class='ocrx_word' id='word_1_84' title='bbox 458 1494 570 1533; x_wconf 88' lang='lat' dir='ltr'>extremo</span> <span class='ocrx_word' id='word_1_85' title='bbox 589 1483 629 1532; x_wconf 90' lang='lat' dir='ltr'>vel</span> <span class='ocrx_word' id='word_1_86' title='bbox 648 1483 795 1532; x_wconf 89' lang='lat' dir='ltr'>mechanico</span> <span class='ocrx_word' id='word_1_87' title='bbox 827 1522 831 1530; x_wconf 96' lang='lat'>.</span> <span class='ocrx_word' id='word_1_88' title='bbox 907 1523 912 1532; x_wconf 88' lang='lat'><em>.</em></span> 
     </span>
     <span class='ocr_line' id='line_1_17' title="bbox 199 1564 911 1613; baseline 0 -3"><span class='ocrx_word' id='word_1_89' title='bbox 199 1576 221 1610; x_wconf 92' lang='lat'>2.</span> <span class='ocrx_word' id='word_1_90' title='bbox 249 1565 288 1612; x_wconf 92' lang='lat' dir='ltr'>De</span> <span class='ocrx_word' id='word_1_91' title='bbox 308 1565 441 1613; x_wconf 91' lang='lat' dir='ltr'>atomismo</span> <span class='ocrx_word' id='word_1_92' title='bbox 460 1564 627 1612; x_wconf 87' lang='lat' dir='ltr'>moderatiore</span> <span class='ocrx_word' id='word_1_93' title='bbox 666 1601 671 1612; x_wconf 93' lang='lat'>.</span> <span class='ocrx_word' id='word_1_94' title='bbox 746 1601 751 1611; x_wconf 90' lang='lat'>.</span> <span class='ocrx_word' id='word_1_95' title='bbox 826 1602 830 1610; x_wconf 96' lang='lat'>.</span> <span class='ocrx_word' id='word_1_96' title='bbox 907 1602 911 1610; x_wconf 94' lang='lat'>.</span> 
     </span>
     <span class='ocr_line' id='line_1_18' title="bbox 103 1640 911 1708; baseline -0.001 -17"><span class='ocrx_word' id='word_1_97' title='bbox 103 1640 122 1705; x_wconf 66' lang='grc' dir='ltr'><strong>ξ</strong></span> <span class='ocrx_word' id='word_1_98' title='bbox 144 1655 169 1704; x_wconf 84' lang='grc'>3,</span> <span class='ocrx_word' id='word_1_99' title='bbox 196 1644 348 1692; x_wconf 90' lang='lat' dir='ltr'>Aestimatur</span> <span class='ocrx_word' id='word_1_100' title='bbox 366 1643 595 1708; x_wconf 90' lang='lat' dir='ltr'>hylemorphismus</span> <span class='ocrx_word' id='word_1_101' title='bbox 666 1683 670 1691; x_wconf 94' lang='lat'>.</span> <span class='ocrx_word' id='word_1_102' title='bbox 748 1683 752 1690; x_wconf 95' lang='lat'>.</span> <span class='ocrx_word' id='word_1_103' title='bbox 828 1681 832 1690; x_wconf 93' lang='lat'>.</span> <span class='ocrx_word' id='word_1_104' title='bbox 907 1683 911 1690; x_wconf 92' lang='lat'>.</span> 
     </span>
     <span class='ocr_line' id='line_1_19' title="bbox 47 1723 912 1788; baseline 0.002 -18"><span class='ocrx_word' id='word_1_105' title='bbox 47 1726 111 1772; x_wconf 85' lang='lat' dir='ltr'>Art.</span> <span class='ocrx_word' id='word_1_106' title='bbox 120 1723 170 1771; x_wconf 89' lang='lat'>111.</span> <span class='ocrx_word' id='word_1_107' title='bbox 197 1723 431 1788; x_wconf 89' lang='lat' dir='ltr'>Hylemorphismus</span> <span class='ocrx_word' id='word_1_108' title='bbox 450 1723 551 1772; x_wconf 91' lang='lat' dir='ltr'>uberius</span> <span class='ocrx_word' id='word_1_109' title='bbox 570 1724 710 1787; x_wconf 86' lang='lat' dir='ltr'>explicatur</span> <span class='ocrx_word' id='word_1_110' title='bbox 746 1762 751 1771; x_wconf 88' lang='lat'><em>.</em></span> <span class='ocrx_word' id='word_1_111' title='bbox 827 1761 831 1770; x_wconf 93' lang='lat'>.</span> <span class='ocrx_word' id='word_1_112' title='bbox 907 1762 912 1772; x_wconf 91' lang='lat'><em>.</em></span> 
     </span>
     <span class='ocr_line' id='line_1_20' title="bbox 104 1798 912 1869; baseline 0.002 -18"><span class='ocrx_word' id='word_1_113' title='bbox 104 1798 123 1867; x_wconf 62' lang='grc' dir='ltr'><strong>ξ</strong></span> <span class='ocrx_word' id='word_1_114' title='bbox 146 1816 168 1850; x_wconf 87' lang='lat'>1.</span> <span class='ocrx_word' id='word_1_115' title='bbox 194 1804 235 1852; x_wconf 91' lang='lat' dir='ltr'>De</span> <span class='ocrx_word' id='word_1_116' title='bbox 254 1811 342 1853; x_wconf 87' lang='lat' dir='ltr'>natura</span> <span class='ocrx_word' id='word_1_117' title='bbox 360 1803 541 1869; x_wconf 84' lang='lat' dir='ltr'>principiorum</span> <span class='ocrx_word' id='word_1_118' title='bbox 560 1820 694 1869; x_wconf 87' lang='lat' dir='ltr'>corporum</span> <span class='ocrx_word' id='word_1_119' title='bbox 711 1803 858 1869; x_wconf 84' lang='lat' dir='ltr'>singillatim</span> <span class='ocrx_word' id='word_1_120' title='bbox 874 1819 912 1853; x_wconf 87' lang='lat' dir='ltr'>ac·</span> 
     </span>
     <span class='ocr_line' id='line_1_21' title="bbox 228 1894 357 1949; baseline -0.008 -16"><span class='ocrx_word' id='word_1_121' title='bbox 228 1894 357 1949; x_wconf 85' lang='lat' dir='ltr'>ceptorum</span> 
     </span>
    </p>

    <p class='ocr_par' dir='ltr' id='par_1_3' title="bbox 20 1960 911 2189">
     <span class='ocr_line' id='line_1_22' title="bbox 105 1960 910 2030; baseline 0.004 -19"><span class='ocrx_word' id='word_1_122' title='bbox 105 1960 123 2027; x_wconf 75' lang='lat'>§</span> <span class='ocrx_word' id='word_1_123' title='bbox 144 1976 168 2011; x_wconf 88' lang='lat'>2.</span> <span class='ocrx_word' id='word_1_124' title='bbox 195 1966 235 2012; x_wconf 90' lang='lat' dir='ltr'>De</span> <span class='ocrx_word' id='word_1_125' title='bbox 254 1974 341 2013; x_wconf 90' lang='lat' dir='ltr'>natura</span> <span class='ocrx_word' id='word_1_126' title='bbox 360 1966 437 2030; x_wconf 91' lang='lat' dir='ltr'>ipsius</span> <span class='ocrx_word' id='word_1_127' title='bbox 457 1965 567 2029; x_wconf 88' lang='lat' dir='ltr'>corporis</span> <span class='ocrx_word' id='word_1_128' title='bbox 587 1965 713 2029; x_wconf 88' lang='lat' dir='ltr'>complete</span> <span class='ocrx_word' id='word_1_129' title='bbox 732 1965 860 2013; x_wconf 90' lang='lat' dir='ltr'>constituti</span> <span class='ocrx_word' id='word_1_130' title='bbox 905 2003 910 2014; x_wconf 87' lang='lat'>.</span> 
     </span>
     <span class='ocr_line' id='line_1_23' title="bbox 20 2044 911 2110; baseline 0 -19"><span class='ocrx_word' id='word_1_131' title='bbox 20 2044 116 2093; x_wconf 87' lang='lat' dir='ltr'>Sectio</span> <span class='ocrx_word' id='word_1_132' title='bbox 136 2044 169 2092; x_wconf 91' lang='lat' dir='ltr'>II.</span> <span class='ocrx_word' id='word_1_133' title='bbox 196 2046 237 2093; x_wconf 92' lang='lat' dir='ltr'>De</span> <span class='ocrx_word' id='word_1_134' title='bbox 250 2053 337 2093; x_wconf 84' lang='lat' dir='ltr'>natura</span> <span class='ocrx_word' id='word_1_135' title='bbox 350 2046 518 2094; x_wconf 83' lang='lat' dir='ltr'>universitatis</span> <span class='ocrx_word' id='word_1_136' title='bbox 531 2061 666 2110; x_wconf 89' lang='lat' dir='ltr'>corporum</span> <span class='ocrx_word' id='word_1_137' title='bbox 678 2045 718 2094; x_wconf 80' lang='lat' dir='ltr'>vel</span> <span class='ocrx_word' id='word_1_138' title='bbox 732 2045 811 2109; x_wconf 89' lang='lat' dir='ltr'>ipsius</span> <span class='ocrx_word' id='word_1_139' title='bbox 825 2046 911 2093; x_wconf 86' lang='lat' dir='ltr'>mundi</span> 
     </span>
     <span class='ocr_line' id='line_1_24' title="bbox 49 2126 909 2189; baseline 0 -17"><span class='ocrx_word' id='word_1_140' title='bbox 49 2126 112 2172; x_wconf 88' lang='lat' dir='ltr'>Art.</span> <span class='ocrx_word' id='word_1_141' title='bbox 148 2126 167 2172; x_wconf 92' lang='lat' dir='ltr'>l.</span> <span class='ocrx_word' id='word_1_142' title='bbox 194 2126 235 2174; x_wconf 94' lang='lat' dir='ltr'>De</span> <span class='ocrx_word' id='word_1_143' title='bbox 254 2127 348 2175; x_wconf 88' lang='lat' dir='ltr'>mundo</span> <span class='ocrx_word' id='word_1_144' title='bbox 367 2126 526 2175; x_wconf 86' lang='lat' dir='ltr'>materialiter</span> <span class='ocrx_word' id='word_1_145' title='bbox 544 2134 659 2189; x_wconf 91' lang='lat' dir='ltr'>spectato</span> <span class='ocrx_word' id='word_1_146' title='bbox 745 2164 749 2173; x_wconf 95' lang='lat'><em>.</em></span> <span class='ocrx_word' id='word_1_147' title='bbox 825 2164 829 2172; x_wconf 94' lang='lat'><em>.</em></span> <span class='ocrx_word' id='word_1_148' title='bbox 905 2164 909 2172; x_wconf 94' lang='lat'>.</span> 
     </span>
    </p>

    <p class='ocr_par' dir='ltr' id='par_1_4' title="bbox 49 2205 749 2254">
     <span class='ocr_line' id='line_1_25' title="bbox 49 2205 749 2254; baseline 0.001 -3"><span class='ocrx_word' id='word_1_149' title='bbox 49 2207 111 2253; x_wconf 91' lang='lat' dir='ltr'>Art.</span> <span class='ocrx_word' id='word_1_150' title='bbox 132 2205 165 2252; x_wconf 94' lang='lat' dir='ltr'>Il.</span> <span class='ocrx_word' id='word_1_151' title='bbox 194 2206 234 2253; x_wconf 92' lang='lat' dir='ltr'>De</span> <span class='ocrx_word' id='word_1_152' title='bbox 254 2206 349 2254; x_wconf 90' lang='lat' dir='ltr'>mundo</span> <span class='ocrx_word' id='word_1_153' title='bbox 367 2205 504 2254; x_wconf 85' lang='lat' dir='ltr'>formaliter</span> <span class='ocrx_word' id='word_1_154' title='bbox 523 2206 683 2254; x_wconf 88' lang='lat' dir='ltr'>considerato</span> <span class='ocrx_word' id='word_1_155' title='bbox 745 2245 749 2252; x_wconf 94' lang='lat'><em>.</em></span> 
     </span>
    </p>

    <p class='ocr_par' dir='ltr' id='par_1_5' title="bbox 101 2280 909 2590">
     <span class='ocr_line' id='line_1_26' title="bbox 102 2280 749 2347; baseline 0 -15"><span class='ocrx_word' id='word_1_156' title='bbox 102 2280 120 2347; x_wconf 65' lang='grc' dir='ltr'>ξ</span> <span class='ocrx_word' id='word_1_157' title='bbox 143 2298 164 2332; x_wconf 91' lang='lat'>1.</span> <span class='ocrx_word' id='word_1_158' title='bbox 191 2284 232 2333; x_wconf 91' lang='lat' dir='ltr'>De</span> <span class='ocrx_word' id='word_1_159' title='bbox 251 2285 397 2333; x_wconf 88' lang='lat' dir='ltr'>exsistentia</span> <span class='ocrx_word' id='word_1_160' title='bbox 415 2284 512 2333; x_wconf 89' lang='lat' dir='ltr'>ordinis</span> <span class='ocrx_word' id='word_1_161' title='bbox 531 2294 635 2334; x_wconf 88' lang='lat' dir='ltr'>naturae</span> <span class='ocrx_word' id='word_1_162' title='bbox 664 2324 669 2333; x_wconf 92' lang='lat'>.</span> <span class='ocrx_word' id='word_1_163' title='bbox 745 2324 749 2332; x_wconf 95' lang='lat'>.</span> 
     </span>
     <span class='ocr_line' id='line_1_27' title="bbox 102 2360 907 2430; baseline 0 -18"><span class='ocrx_word' id='word_1_164' title='bbox 102 2360 164 2427; x_wconf 62' lang='lat' dir='ltr'>§a</span> <span class='ocrx_word' id='word_1_165' title='bbox 192 2366 233 2413; x_wconf 94' lang='lat' dir='ltr'>De</span> <span class='ocrx_word' id='word_1_166' title='bbox 252 2364 449 2430; x_wconf 85' lang='lat' dir='ltr'>proprietatibus</span> <span class='ocrx_word' id='word_1_167' title='bbox 468 2366 563 2414; x_wconf 92' lang='lat' dir='ltr'>ordinis</span> <span class='ocrx_word' id='word_1_168' title='bbox 582 2365 704 2413; x_wconf 88' lang='lat' dir='ltr'>mundani</span> <span class='ocrx_word' id='word_1_169' title='bbox 742 2404 747 2413; x_wconf 90' lang='lat'><strong>.</strong></span> <span class='ocrx_word' id='word_1_170' title='bbox 822 2402 826 2412; x_wconf 88' lang='lat'><em>.</em></span> <span class='ocrx_word' id='word_1_171' title='bbox 903 2404 907 2412; x_wconf 95' lang='lat'>.</span> 
     </span>
     <span class='ocr_line' id='line_1_28' title="bbox 101 2443 909 2509; baseline 0 -17"><span class='ocrx_word' id='word_1_172' title='bbox 101 2443 218 2493; x_wconf 90' lang='lat' dir='ltr'>Scholia:</span> <span class='ocrx_word' id='word_1_173' title='bbox 240 2444 312 2493; x_wconf 92' lang='lat' dir='ltr'>Ordo</span> <span class='ocrx_word' id='word_1_174' title='bbox 331 2455 449 2505; x_wconf 87' lang='lat' dir='ltr'>naturae,</span> <span class='ocrx_word' id='word_1_175' title='bbox 470 2462 556 2495; x_wconf 88' lang='lat' dir='ltr'>cursus</span> <span class='ocrx_word' id='word_1_176' title='bbox 575 2455 679 2494; x_wconf 80' lang='lat' dir='ltr'>natrrrae</span> <span class='ocrx_word' id='word_1_177' title='bbox 698 2445 760 2509; x_wconf 90' lang='lat' dir='ltr'>quid</span> <span class='ocrx_word' id='word_1_178' title='bbox 778 2446 836 2494; x_wconf 87' lang='lat' dir='ltr'>sint.</span> <span class='ocrx_word' id='word_1_179' title='bbox 869 2447 909 2492; x_wconf 87' lang='lat' dir='ltr'>De</span> 
     </span>
     <span class='ocr_line' id='line_1_29' title="bbox 223 2525 908 2590; baseline 0 -17"><span class='ocrx_word' id='word_1_180' title='bbox 223 2525 336 2585; x_wconf 83' lang='lat' dir='ltr'>naturali,</span> <span class='ocrx_word' id='word_1_181' title='bbox 358 2526 550 2590; x_wconf 84' lang='lat' dir='ltr'>supernaturali,</span> <span class='ocrx_word' id='word_1_182' title='bbox 570 2525 777 2589; x_wconf 84' lang='lat' dir='ltr'>praeternaturali</span> <span class='ocrx_word' id='word_1_183' title='bbox 824 2564 828 2573; x_wconf 93' lang='lat'>.</span> <span class='ocrx_word' id='word_1_184' title='bbox 904 2563 908 2573; x_wconf 93' lang='lat'>.</span> 
     </span>
    </p>
   </div>
   <div class='ocr_carea' id='block_1_3' title="bbox 24 2638 908 2703">
    <p class='ocr_par' dir='ltr' id='par_1_6' title="bbox 24 2638 908 2703">
     <span class='ocr_line' id='line_1_30' title="bbox 24 2638 908 2703; baseline 0.005 -18"><span class='ocrx_word' id='word_1_185' title='bbox 24 2639 110 2703; x_wconf 85' lang='lat' dir='ltr'>Caput</span> <span class='ocrx_word' id='word_1_186' title='bbox 129 2638 162 2686; x_wconf 89' lang='lat' dir='ltr'>II.</span> <span class='ocrx_word' id='word_1_187' title='bbox 190 2639 231 2687; x_wconf 92' lang='lat' dir='ltr'>De</span> <span class='ocrx_word' id='word_1_188' title='bbox 250 2639 349 2703; x_wconf 86' lang='lat' dir='ltr'>origine</span> <span class='ocrx_word' id='word_1_189' title='bbox 368 2640 456 2688; x_wconf 90' lang='lat' dir='ltr'>mundi</span> <span class='ocrx_word' id='word_1_190' title='bbox 497 2700 498 2703; x_wconf 8' lang='grc' dir='ltr'><strong>Ἴ</strong></span> <span class='ocrx_word' id='word_1_191' title='bbox 502 2679 908 2689; x_wconf 90' lang='grc'><strong>......</strong></span> 
     </span>
    </p>
   </div>
   <div class='ocr_carea' id='block_1_4' title="bbox 24 2727 1015 3192">
    <p class='ocr_par' dir='ltr' id='par_1_7' title="bbox 60 2727 1015 2792">
     <span class='ocr_line' id='line_1_31' title="bbox 60 2727 1015 2792; baseline 0.006 -19"><span class='ocrx_word' id='word_1_192' title='bbox 60 2729 118 2776; x_wconf 93' lang='lat' dir='ltr'>Art.</span> <span class='ocrx_word' id='word_1_193' title='bbox 138 2727 158 2775; x_wconf 89' lang='lat'>1.</span> <span class='ocrx_word' id='word_1_194' title='bbox 187 2727 228 2775; x_wconf 87' lang='lat' dir='ltr'>De</span> <span class='ocrx_word' id='word_1_195' title='bbox 247 2736 303 2776; x_wconf 89' lang='lat' dir='ltr'>ortu</span> <span class='ocrx_word' id='word_1_196' title='bbox 323 2729 376 2776; x_wconf 91' lang='lat' dir='ltr'>sive</span> <span class='ocrx_word' id='word_1_197' title='bbox 395 2728 427 2777; x_wconf 86' lang='lat' dir='ltr'>de</span> <span class='ocrx_word' id='word_1_198' title='bbox 447 2731 576 2778; x_wconf 87' lang='lat' dir='ltr'>creatione</span> <span class='ocrx_word' id='word_1_199' title='bbox 597 2731 684 2778; x_wconf 88' lang='lat' dir='ltr'>mundi</span> <span class='ocrx_word' id='word_1_200' title='bbox 740 2767 745 2777; x_wconf 91' lang='lat'><em>.</em></span> <span class='ocrx_word' id='word_1_201' title='bbox 821 2769 825 2777; x_wconf 84' lang='lat'>.</span> <span class='ocrx_word' id='word_1_202' title='bbox 902 2768 906 2776; x_wconf 91' lang='lat'><strong>.</strong></span> <span class='ocrx_word' id='word_1_203' title='bbox 964 2730 1015 2792; x_wconf 86' lang='lat'>398</span> 
     </span>
    </p>

    <p class='ocr_par' dir='ltr' id='par_1_8' title="bbox 100 2804 1015 2872">
     <span class='ocr_line' id='line_1_32' title="bbox 100 2804 1015 2872; baseline 0.004 -17"><span class='ocrx_word' id='word_1_204' title='bbox 100 2804 117 2870; x_wconf 66' lang='grc' dir='ltr'>ξ</span> <span class='ocrx_word' id='word_1_205' title='bbox 140 2821 162 2856; x_wconf 94' lang='lat'>1.</span> <span class='ocrx_word' id='word_1_206' title='bbox 189 2808 230 2857; x_wconf 92' lang='lat' dir='ltr'>De</span> <span class='ocrx_word' id='word_1_207' title='bbox 249 2808 317 2857; x_wconf 87' lang='lat' dir='ltr'>facto</span> <span class='ocrx_word' id='word_1_208' title='bbox 335 2809 470 2858; x_wconf 87' lang='lat' dir='ltr'>creationis</span> <span class='ocrx_word' id='word_1_209' title='bbox 500 2848 905 2858; x_wconf 92' lang='grc'>......</span> <span class='ocrx_word' id='word_1_210' title='bbox 964 2812 1015 2872; x_wconf 82' lang='grc'>398</span> 
     </span>
    </p>

    <p class='ocr_par' dir='ltr' id='par_1_9' title="bbox 49 2883 1015 3018">
     <span class='ocr_line' id='line_1_33' title="bbox 98 2883 1015 2952; baseline 0.004 -18"><span class='ocrx_word' id='word_1_211' title='bbox 98 2883 116 2950; x_wconf 61' lang='grc' dir='ltr'>ἐ</span> <span class='ocrx_word' id='word_1_212' title='bbox 137 2900 160 2936; x_wconf 91' lang='lat'>2.</span> <span class='ocrx_word' id='word_1_213' title='bbox 188 2888 230 2936; x_wconf 85' lang='lat' dir='ltr'>De</span> <span class='ocrx_word' id='word_1_214' title='bbox 249 2897 363 2952; x_wconf 89' lang='lat' dir='ltr'>tempore</span> <span class='ocrx_word' id='word_1_215' title='bbox 383 2890 518 2938; x_wconf 79' lang='lat' dir='ltr'>creationis</span> <span class='ocrx_word' id='word_1_216' title='bbox 581 2928 906 2937; x_wconf 91' lang='grc'>.....</span> <span class='ocrx_word' id='word_1_217' title='bbox 962 2904 1015 2949; x_wconf 84' lang='lat'>410</span> 
     </span>
     <span class='ocr_line' id='line_1_34' title="bbox 49 2968 503 3018; baseline 0.011 -5"><span class='ocrx_word' id='word_1_218' title='bbox 49 2969 106 3017; x_wconf 89' lang='lat' dir='ltr'>Art.</span> <span class='ocrx_word' id='word_1_219' title='bbox 126 2968 158 3016; x_wconf 88' lang='lat' dir='ltr'>II.</span> <span class='ocrx_word' id='word_1_220' title='bbox 186 2970 227 3016; x_wconf 91' lang='lat' dir='ltr'>De</span> <span class='ocrx_word' id='word_1_221' title='bbox 246 2968 397 3017; x_wconf 86' lang='lat' dir='ltr'>formatione</span> <span class='ocrx_word' id='word_1_222' title='bbox 416 2970 503 3018; x_wconf 90' lang='lat' dir='ltr'>mundi</span> 
     </span>
    </p>

    <p class='ocr_par' dir='ltr' id='par_1_10' title="bbox 24 3047 1013 3112">
     <span class='ocr_line' id='line_1_35' title="bbox 24 3047 1013 3112; baseline 0.003 -18"><span class='ocrx_word' id='word_1_223' title='bbox 24 3047 175 3112; x_wconf 88' lang='lat' dir='ltr'>Appendix:</span> <span class='ocrx_word' id='word_1_224' title='bbox 196 3050 237 3096; x_wconf 92' lang='lat' dir='ltr'>De</span> <span class='ocrx_word' id='word_1_225' title='bbox 256 3050 377 3098; x_wconf 89' lang='lat' dir='ltr'>miraculo</span> <span class='ocrx_word' id='word_1_226' title='bbox 419 3087 906 3098; x_wconf 82' lang='grc'>.......</span> <span class='ocrx_word' id='word_1_227' title='bbox 962 3063 1013 3111; x_wconf 83' lang='lat'>414</span> 
     </span>
    </p>

    <p class='ocr_par' dir='ltr' id='par_1_11' title="bbox 24 3128 1012 3192">
     <span class='ocr_line' id='line_1_36' title="bbox 24 3128 1012 3192; baseline 0.002 -18"><span class='ocrx_word' id='word_1_228' title='bbox 24 3128 103 3181; x_wconf 78' lang='lat' dir='ltr'>lnrlex</span> <span class='ocrx_word' id='word_1_229' title='bbox 122 3128 298 3191; x_wconf 89' lang='lat' dir='ltr'>alphabeticus</span> <span class='ocrx_word' id='word_1_230' title='bbox 335 3168 904 3177; x_wconf 92' lang='grc'><em>........</em></span> <span class='ocrx_word' id='word_1_231' title='bbox 961 3142 1012 3192; x_wconf 87' lang='lat'>417</span> 
     </span>
    </p>
   </div>
   <div class='ocr_carea' id='block_1_5' title="bbox 0 0 1180 3700">
    <p class='ocr_par' dir='ltr' id='par_1_12' title="bbox 0 0 1180 3700">
     <span class='ocr_line' id='line_1_37' title="bbox 0 0 1180 3700; baseline 0 4"><span class='ocrx_word' id='word_1_232' title='bbox 0 0 1180 3700; x_wconf 95' lang='lat' dir='ltr'> </span> 
     </span>
    </p>
   </div>
  </div>
 </body>
</html>
