2350 3700
121 172 358 209 PRAENOTIONES
378 173 464 210 CIRCA
484 173 652 209 VERITATEM
671 173 707 207 ET
727 171 955 208 CERTITlllllNEM.
1006 170 1039 221 93

18 320 77 376 vel
113 322 307 396 adaequatio
336 321 504 381 intellectus
533 321 571 379 ad
601 339 674 379 rem.
717 319 778 378 Sed
805 319 912 378 veritas
933 318 1040 393 logica,

21 416 60 464 nt
76 411 191 483 logica,
217 422 365 486 quatenus
379 412 493 470 scilicet
507 422 552 469 est
566 412 736 485 cognitionis,
760 410 894 485 perfecta
908 419 953 467 est
973 428 1041 466 cum

21 517 98 555 non
124 502 232 557 solum
253 500 418 559 conformis
439 509 480 559 est
500 519 568 559 eum
589 520 631 571 re,
654 500 819 558 sedetiam
832 509 865 557 ut
878 497 1041 557 conformis

20 589 68 644 ab
86 587 258 649 intellectu
273 593 446 667 perspicitur
465 591 514 649 vel
529 592 746 666 pronuntiatur.
775 588 893 647 Veritas
914 587 1042 664 proinde

21 678 144 751 logica
176 678 346 737 formaliter
374 679 407 737 in
436 698 488 738 sua
518 678 705 755 perfectione
734 688 892 754 perspecta
918 676 1042 736 dicitur:

23 769 99 841 ipim
122 768 304 843 adaequatio
317 770 471 827 intellectus
484 777 512 826 et
524 771 569 827 rei'
580 768 767 825 inintellecta
775 775 917 843 percepta.
947 766 1042 823 Mani·

26 858 154 915 festum
177 867 282 916 autem
303 868 347 916 est
367 859 446 916 hanc
466 859 633 933 perfectam
653 857 808 915 veritatem
829 854 952 932 proprie
979 873 1042 913 non

28 947 176 1005 inveniri
198 946 259 1006 nisi
280 947 311 1004 in
332 947 450 1006 iudicio.
494 950 565 1005 Hoc
592 965 681 1005 sensu
707 964 814 1005 vocem
841 944 972 1004 veritatis
1000 962 1043 1002 su·

29 1036 162 1108 mimus,
180 1036 308 1111 quando
322 1037 471 1111 loquimur
485 1036 524 1095 de
538 1039 658 1095 veritate
670 1037 856 1109 cognitionum
867 1041 1041 1101 nostrornm,

31 1128 83 1183 vel
108 1146 187 1184 cum
212 1126 354 1184 dicimus:
380 1126 484 1184 «Mens
503 1127 630 1183 linmano
638 1133 732 1201 potest
744 1127 856 1199 assequi
866 1126 1042 1191 ueritatem»,

34 1217 51 1273 i.
77 1234 105 1274 e.
133 1235 230 1273 mens
250 1216 381 1273 humana
405 1225 504 1291 potest
532 1215 649 1289 assequi
677 1213 916 1273 conformitatem
944 1213 1043 1288 cogni·

35 1304 132 1363 tionis
157 1322 236 1363 suae
258 1324 325 1362 cum
343 1324 383 1375 re,
406 1304 498 1363 immo
513 1304 754 1363 conformitatem
768 1302 850 1360 illam
864 1302 1043 1378 cognitionis

36 1412 108 1451 cum
137 1412 175 1453 re
200 1404 302 1469 potest
322 1394 486 1469 percipere.

5 1492 7 1504 ¹
103 1484 187 1541 Non
212 1502 281 1541 raro
295 1495 395 1541 tamen
416 1501 505 1541 verae
520 1482 658 1541 dicuntur
679 1500 742 1539 non
763 1483 859 1539 solum
879 1482 1045 1554 cognitiones

34 1574 93 1631 sed
118 1573 222 1631 etiam
243 1592 289 1630 res
308 1573 398 1648 ipsae,
421 1573 460 1630 ad
481 1590 554 1647 quas
573 1571 749 1642 referuntur,
771 1581 917 1645 quatenus
931 1568 1044 1628 scilicet

32 1664 87 1721 vel
111 1670 190 1719 sunt
213 1663 383 1721 conformes
398 1682 466 1719 eum
487 1661 587 1735 aliquo
602 1661 755 1719 intellectu
775 1662 822 1718 vel
840 1658 1043 1735 cognitionem

32 1752 116 1827 ipsis
143 1752 336 1810 conformem
358 1750 389 1810 in
410 1751 561 1809 intellectu
582 1750 716 1825 quodam
737 1760 839 1808 creato
860 1749 973 1825 efficere
981 1758 1044 1824 pos·

32 1848 118 1900 sant.
168 1843 261 1900 Haec
287 1841 395 1900 veritas
422 1859 521 1899 rerum
542 1836 661 1914 (veritas
684 1834 866 1916 ontologica)
888 1838 1042 1898 definitur:

34 1933 225 2006 adaequatio
246 1933 292 1988 rei
317 1931 358 1988 ad
380 1932 545 1988 intellectum
561 1931 578 1988 ¹.
622 1929 671 1988 Sic
698 1930 764 2004 ipsa
791 1929 977 1987 enuntiabilia
1004 1927 1043 1986 de

35 2023 155 2091 rebus„
187 2020 361 2096 priusquam
388 2021 554 2078 intellectus
573 2021 721 2076 humanus
742 2037 792 2077 eas
812 2028 881 2075 actu
902 2018 1043 2089 enuntiat,

35 2110 104 2168 iam
130 2108 276 2168 dicuntur
295 2109 441 2168 veritates.
484 2109 618 2166 Dicimus
646 2126 672 2166 e.
695 2126 722 2183 g.
748 2109 864 2166 «Deum
885 2107 1042 2166 exsisteret>

38 2213 87 2258 est
103 2201 231 2270 veritaS,
248 2217 338 2272 quam
352 2216 457 2256 omnes
470 2197 607 2256 homines
622 2215 805 2272 cognoscere
820 2207 959 2273 possunt3
983 2196 1045 2255 «bis

39 2291 105 2348 duo
140 2298 213 2346 sunt
234 2297 389 2363 quattuor»
413 2298 457 2346 est
481 2287 588 2345 veritas
616 2286 756 2360 evidens3
783 2286 841 2343 alia
868 2284 1044 2344 huiusmodi.

41 2381 119 2436 Hoc
135 2396 229 2436 sensu
244 2395 351 2436 vocem
364 2376 494 2435 veritatis
512 2394 740 2450 nonnumquam
755 2393 911 2445 sumemus,
933 2385 964 2433 ut
978 2394 1047 2432 cum

40 2469 205 2526 dicemus:
246 2469 365 2525 «Homo
400 2467 505 2524 multas
536 2464 675 2523 veritates
705 2482 889 2539 cognoscere
920 2474 1045 2539 potest»,

39 2559 93 2616 vel
129 2557 262 2614 «multae
289 2555 426 2614 veritates
454 2556 491 2613 ab
522 2554 726 2630 intellegentia
752 2555 883 2611 humana
911 2564 977 2612 sunt
1003 2572 1045 2611 re·

42 2659 187 2706 motae».

111 2777 153 2832 II.
178 2785 222 2833 De
242 2783 358 2832 notione
378 2782 559 2832 certitudinis.

114 2889 200 2963 Quid
222 2889 259 2947 sit
279 2889 425 2948 certitudo
452 2889 511 2946 iam
533 2887 647 2962 aliquid
669 2886 810 2962 colligere
832 2905 988 2961 possumus
1009 2904 1045 2943 ex

47 2982 95 3052 iis,
120 2998 202 3054 quae
223 2979 256 3036 in
276 2979 500 3054 Prolegomenis
527 2972 566 3052 (p.
593 2972 619 3050 1)
641 2976 721 3034 circa
742 2977 922 3048 cognitionem
943 2982 1045 3032 certam

50 3071 192 3130 diximus.
237 3069 283 3125 Ex
310 3067 355 3126 his
376 3068 456 3126 enim
477 3069 575 3126 elucet
596 3064 804 3123 certitudinem
827 3074 907 3123 recte
929 3063 1046 3122 definiri

51 3177 144 3235 posse
165 3167 198 3215 ut
219 3156 270 3214 sit:
284 3158 378 3232 firma
399 3158 498 3214 mentis
518 3156 652 3214 adhaesio
673 3155 715 3210 oa'
731 3157 878 3212 veritatem
898 3154 1043 3225 cognitam.

121 3366 129 3398 ¹
149 3370 190 3417 De
211 3369 260 3416 hac
279 3367 384 3415 veritate
404 3365 551 3428 ontologica
570 3364 649 3410 fusius
675 3377 757 3408 sermo
782 3360 830 3405 erit
855 3358 880 3403 in
908 3354 1047 3414 ontologia.
