2350 3700
159 174 202 209 DE
220 174 376 209 CORPORUM
395 174 574 209 PRAESENTIA
593 174 623 209 IN
645 172 744 210 SPATIO
764 174 819 209 VEL
838 173 868 209 IN
889 172 970 209 Loco,
1009 172 1059 222 339

127 323 170 379 Et
192 339 225 379 re
247 323 368 396 quidem
389 340 468 392 vera,
490 332 622 379 extrema
637 339 690 379 ora
703 322 788 379 huius
802 320 906 379 mundi
922 322 1061 396 corporei

61 410 175 468 nullibi
197 420 257 481 est,
289 416 439 469 ettamen
459 421 581 469 extensa
602 421 655 469 est.
697 413 772 469 Item
794 411 818 467 si
839 412 920 468 Deus
941 410 1061 468 unicum

62 510 189 558 crearet
210 518 334 575 corpus,
363 500 445 575 quod
466 518 528 558 non
549 510 711 575 repugnat,
740 500 799 557 hoc
827 518 934 575 corpus
957 501 1061 558 nullibi

65 599 150 647 esset
165 590 183 647 ¹.

290 710 313 745 2.
341 698 381 747 De
399 699 553 761 replicatione
570 707 700 763 corporum
719 699 745 746 in
764 700 848 761 spatio.

132 821 307 879 Secundum
336 822 433 895 legem
463 830 601 891 naturae,
638 820 709 893 item
739 820 921 896 experientia
955 820 1062 879 scimus

69 930 205 985 corpora
232 910 335 967 omnia
361 910 402 967 ita
429 928 494 968 esse
521 910 553 967 in
580 927 641 967 uno
669 911 754 981 1000,
782 919 813 967 ut
840 910 925 967 simul
952 909 983 967 in
1004 908 1063 967 alio

69 1001 141 1057 loco
163 1017 230 1057 esse
258 1017 320 1057 non
349 998 471 1073 possint.
514 1000 604 1057 Unde
626 1000 671 1070 fit,
703 1008 749 1069 ut,
778 1017 845 1056 curn
866 999 992 1057 sciamus
1015 1000 1064 1056 ali-

69 1108 164 1163 quem
185 1089 275 1146 suisse
297 1088 328 1145 in
349 1088 400 1145 tali
415 1089 485 1146 loco
499 1088 707 1159 determinat0,
730 1106 799 1145 cum
813 1089 977 1145 certitudine
990 1089 1063 1164 pley-

69 1181 129 1235 sicu
158 1177 322 1235 inferamus
349 1178 461 1251 ipsum,
493 1177 602 1235 eodem
630 1177 772 1252 temporis
801 1188 969 1249 momente,
1000 1197 1063 1235 non

70 1268 164 1325 fuisse
186 1265 266 1325 alibi.
790 1332 793 1338 ¹

135 1355 197 1414 Sed
212 1354 316 1430 quaeri
330 1364 436 1429 potest,
451 1373 523 1412 num
538 1354 645 1413 rationi
659 1365 805 1430 repugnet
820 1374 928 1431 corpus
942 1355 1064 1429 aliquod

71 1446 162 1504 simul
184 1463 248 1503 esse
270 1444 402 1519 pluribus
423 1444 504 1502 locis.
533 1444 620 1518 Quae
639 1445 772 1519 quaestio
788 1445 937 1521 duplicem
952 1445 1064 1503 habere

11 1565 12 1588 ;
72 1545 177 1611 potest
197 1549 331 1592 sensum:

135 1624 238 1681 Primo
260 1623 340 1680 enim
362 1622 465 1697 quaeri
484 1631 590 1698 potest,
613 1640 679 1679 uum
693 1632 821 1681 absolute
836 1624 980 1699 loquendo,
1003 1624 1021 1681 i.
1037 1642 1063 1683 e.

75 1712 279 1771 abstractione
302 1712 380 1769 facta
400 1731 418 1768 a
438 1711 539 1782 modo,
562 1729 622 1786 quo
644 1713 693 1769 fiat
712 1712 761 1769 illa
775 1713 937 1788 replicatio,
959 1715 1068 1770 rationi

74 1809 216 1880 repugnet
234 1802 305 1859 idem
326 1810 424 1877 cerpus
444 1818 501 1858 esse
519 1802 606 1858 simul
620 1801 750 1876 pluribus
770 1803 841 1862 lect's.

137 1893 243 1950 Altera
262 1909 335 1948 vero
357 1891 491 1966 quaestio
513 1900 572 1961 est,
603 1910 671 1948 num
698 1911 784 1949 unum
814 1894 938 1967 idemque
966 1901 1066 1968 cerpus

70 1984 166 2057 pessit
186 1989 425 2052 circumscriptive
446 1997 502 2037 esse
515 1979 650 2056 pluribus
669 1981 734 2038 locis
754 1983 844 2040 simul.

139 2107 246 2155 Prioris
265 2106 442 2168 quaestionis
461 2105 576 2154 solutio.

138 2240 252 2288 'rhesis
287 2239 424 2288 Absolute
451 2247 508 2286 nen
534 2236 676 2304 repugnet
701 2249 788 2287 unum
814 2237 843 2287 et
868 2232 939 2288 edem
967 2239 1066 2307 cerpus

11 2362 12 2365 η
72 2321 211 2397 pluribus
231 2320 296 2378 loeis
316 2319 402 2376 simul
419 2336 482 2375 esse.

11 2368 18 2437 l

11 2434 24 2533 s
140 2445 287 2492 Ptobatur.
315 2437 401 2492 Tunc
418 2435 514 2491 solum
528 2434 662 2492 absolute
676 2446 857 2510 repugnaret
870 2454 962 2492 unum
976 2436 1067 2494 idem-

77 2543 139 2600 que
162 2542 270 2600 corpus
291 2524 423 2598 pluribus
444 2523 518 2582 loeis
541 2523 627 2582 simul
655 2543 734 2596 esse,
764 2525 788 2582 si
816 2543 880 2583 esse
908 2526 939 2582 in
966 2525 1066 2599 aliquo

76 2616 149 2672 loeo
170 2614 256 2671 simul
277 2612 391 2671 diceret
411 2631 474 2670 non
495 2631 559 2671 esse
576 2614 655 2682 alibi,
678 2631 703 2671 e.
718 2632 745 2688 g.
762 2613 786 2672 si
801 2632 865 2672 esse
879 2613 967 2672 Metis
982 2613 1068 2671 simul

78 2704 195 2762 diceret
214 2721 277 2760 non
305 2719 370 2760 esse
397 2703 523 2760 Romae.
565 2704 601 2759 In
628 2704 686 2760 hoc
714 2703 793 2760 enirn
822 2722 891 2762 casu
919 2704 1066 2761 affirmare

78 2792 194 2868 aliquid
216 2810 280 2850 esse
301 2791 387 2849 simul
407 2791 540 2866 pluribus
561 2791 635 2850 locis
656 2802 733 2850 esset
751 2793 898 2850 affirmare
913 2803 943 2851 et
956 2811 1067 2868 negare

78 2882 167 2940 simul
187 2880 269 2938 idem
290 2879 328 2939 de
350 2881 467 2938 eodem.

141 2971 206 3028 Etsi
221 2979 319 3028 autem
333 2970 480 3027 secundum
494 2970 579 3043 legem
594 2977 716 3028 naturae
726 2989 843 3047 semper
853 2973 892 3043 fit,
909 2981 940 3028 ut
949 2988 1066 3047 corpus,

79 3079 151 3118 cum
171 3058 202 3116 in
223 3077 284 3116 uno
304 3059 374 3116 loco
396 3058 440 3129 sit,
463 3058 547 3117 simul
567 3077 631 3116 non
653 3059 688 3116 sit
709 3059 740 3116 in
755 3060 822 3130 alie,
844 3061 991 3118 secuudum
1010 3079 1068 3118 cen·

79 3157 187 3226 ceptum
207 3157 308 3206 tamen
329 3149 387 3205 hoc
408 3147 530 3205 minime
551 3165 674 3206 necesse
696 3159 740 3207 est
760 3167 833 3208 esse.
876 3149 1011 3207 Etenim:

11 3297 17 3340 ι
145 3359 153 3389 ¹
175 3359 215 3408 Cf.
236 3360 323 3423 Lepidi
339 3360 355 3409 l.
376 3376 397 3408 c.
417 3377 442 3424 p.
466 3371 523 3407 101.
