2350 3700
301 160 339 194 nn
358 160 544 196 orrosirrona
565 160 803 198 puorosrrronun.
1012 161 1043 213 55

54 305 183 364 dictam:
213 308 278 364 «vel
299 307 373 366 fides
395 309 442 364 vel
463 308 569 366 caritas
590 308 630 366 ad
651 310 775 368 salutem
796 328 858 368 non
879 321 924 369 est
944 328 1045 369 neces·

51 395 161 467 saria»,
182 414 245 453 non
267 407 366 454 autem
387 397 546 472 ponendo:
581 416 698 472 «neque
719 400 793 457 fides
814 416 913 474 neque
935 399 1043 458 caritas

50 484 93 541 ad
115 486 240 543 salutern
262 497 307 543 est
327 485 523 544 necessaria».
566 487 654 545 Haec
676 487 756 546 enim
779 499 856 546 esset
886 489 1042 546 contraria.

115 574 202 632 Idem
230 583 362 633 servetur
392 575 423 632 in
453 575 662 647 adversativis,
694 577 838 648 relative,
869 577 1043 650 causalibus,

50 663 289 722 contradictorie
309 664 465 739 negandis.

114 756 147 836 b)
179 764 216 819 In
249 762 501 838 propositionibus
531 780 604 821 vero
638 764 737 821 occidte
766 762 939 839 compositis
969 764 1045 822 haec

50 859 227 909 serventur:

114 939 285 1016 Propositio
307 939 484 1016 exponibilis
506 940 537 998 in
558 960 624 1000 suas
646 952 831 1017 exponentes
851 943 1022 1001 resolvatur.

113 1028 286 1106 Propositio
308 1040 411 1106 aperte
427 1030 562 1105 exposita
575 1031 686 1089 deinde
701 1030 899 1106 impugnetur,
922 1031 1044 1090 servatis

51 1119 165 1194 regulis
186 1118 219 1176 in
239 1118 492 1194 propositionibus
514 1129 617 1195 aperte
639 1119 813 1195 compositis
833 1121 996 1179 servandis.

114 1211 144 1291 c)
174 1219 211 1275 In
236 1217 489 1294 propositionibus
517 1219 672 1276 nadalibus
695 1219 851 1277 affirmatio
873 1227 903 1278 et
923 1219 1044 1295 negatio

48 1295 213 1381 generatim
233 1327 290 1364 non
310 1309 427 1365 suntin
448 1317 521 1365 dicto
535 1307 715 1381 formaliter,
736 1309 834 1366 sedin
855 1319 954 1366 modo:
978 1327 1045 1384 pro·

53 1397 125 1455 inde
149 1394 396 1474 contradictoria·
410 1396 560 1454 obtinetur
591 1396 743 1456 ordinario
771 1397 968 1456 affirmatione
997 1399 1044 1456 vel

52 1485 219 1561 negatione
234 1485 325 1558 modi,
347 1485 365 1543 i.
382 1503 407 1543 e.
427 1503 494 1544 cum
509 1484 565 1561 ipsi
580 1486 672 1545 modo
686 1485 831 1562 particula
849 1505 944 1545 «non»
962 1505 1045 1563 prae-

52 1575 162 1650 figitur.
192 1575 279 1648 Quae
301 1575 432 1650 quidem·
445 1575 604 1633 modorum
625 1573 775 1651 oppositio
796 1575 854 1632 hac
874 1577 968 1651 ligura
983 1576 1044 1634 illu·

53 1663 144 1722 strari
165 1674 278 1740 potest:

484 1745 624 1793 contrariae

342 1886 444 1919 necesse
655 1870 813 1935 impossibile

54 2002 81 2321 subalternae

1018 2262 1034 2320 ΘΒ
1017 2000 1042 2257 Πᾷἓιῐᾮηῐὶδ

283 2320 406 2384 possibile
638 2320 760 2385 possibile
779 2336 830 2368 non

204 2397 267 2463 (non
286 2399 456 2464 impossibile)
506 2398 570 2463 (non
590 2416 694 2449 necesse
713 2426 748 2434 -
764 2398 954 2465 contingenter)

113 2467 991 2500 fi——p-——d

454 2525 642 2574 subcontrariae

117 2630 323 2697 Pronuntiatio
356 2642 457 2688 tamen
488 2630 650 2689 formaliter
680 2631 745 2688 talis
776 2648 840 2689 esse
870 2642 982 2706 potest,
1014 2641 1046 2688 ut

55 2720 169 2778 dictum
191 2729 221 2777 et
242 2720 347 2778 modus
369 2718 473 2778 revera
495 2730 526 2777 ut
555 2720 633 2777 duae
662 2718 880 2778 enuntiationes
910 2719 1045 2778 conside·

56 2809 116 2867 rari
137 2810 278 2867 debeant.
314 2811 401 2868 Tunc
422 2808 587 2885 propositio
609 2807 735 2867 modalis
756 2809 981 2885 aequiperanda
1001 2819 1045 2867 est

56 2896 254 2974 copulativae.
277 2898 326 2957 sic
341 2897 365 2957 si
380 2899 531 2957 modalem
546 2899 640 2956 habes
653 2899 905 2974 propositionem:
925 2899 1044 2955 «Petrus

57 2987 227 3046 necessario
250 2987 369 3059 currit»,
391 2986 624 3046 contradictoria
646 3006 710 3046 esse
725 2998 836 3063 potest:
862 2988 925 3045 «vel
942 2988 1044 3044 Petrus

56 3095 119 3134 non
141 3076 241 3146 currit,
263 3078 311 3135 vel
331 3076 435 3135 saltem
457 3096 519 3135 non
541 3076 632 3135 currit
652 3076 849 3135 necessario».

117 3169 148 3248 d)
170 3175 206 3231 In
220 3174 474 3250 propositionibus
495 3175 675 3250 hypotheticas
689 3173 796 3231 scimus
811 3173 1044 3229 enuntiationem

59 3263 221 3321 formaliter
242 3263 306 3321 fieri
326 3277 389 3321 non
411 3262 490 3321 circa
513 3260 734 3336 componentia,
758 3260 811 3317 sed
832 3260 910 3315 circa
932 3275 1042 3314 nexum.

59 3350 188 3410 Proinde
217 3353 268 3427 qui
297 3351 534 3429 propositionem
563 3348 787 3424 hypotheticam
817 3341 1045 3401 contradictorie
