2350 3700
96 88 147 148 376
287 96 326 133 bu
345 96 443 132 CAUSIS
463 95 603 131 SUPREMlS
625 94 720 131 MUNDI
741 94 889 131 CORPOREl.

89 246 213 313 subiecti,
235 243 306 319 quia
325 253 462 301 remanet
482 243 514 301 in
535 240 669 319 potentia
690 241 734 301 sui
753 242 899 312 substrati,
924 241 1010 317 quod
1031 241 1089 299 iam

93 333 205 392 exsistit
224 335 279 392 sub
300 334 397 391 forma
416 332 597 409 hydrogenii
618 342 648 390 et
668 332 807 407 oxigenii.

154 422 246 496 Quod
267 421 292 481 si
312 422 449 481 transiret
469 440 506 480 ex
527 439 592 480 esse
614 421 653 479 ad
674 421 798 479 nihilum
819 421 863 479 sui
892 430 923 478 et
951 418 1089 490 subiecti,

92 511 134 570 ita
154 523 185 570 ut
205 511 279 569 nihil
300 511 363 570 eius
383 521 552 569 remaneret
570 511 602 568 in
617 510 723 569 ordine
737 510 896 568 actualium
911 509 976 568 eius
991 519 1093 566 motus

93 601 133 659 ad
147 618 294 670 nonesse,
311 600 460 659 diceretur
474 600 654 668 annihilatio,
677 618 755 675 quae
770 600 924 657 definitur:
947 600 1092 655 transitus

92 700 181 748 totius
199 691 372 747 substantiae
390 708 428 746 cx
448 707 505 746 esse
525 684 566 764 (in
588 688 695 747 ordine
717 682 886 763 actualium)
900 689 945 745 ad
954 706 1089 745 nan-esse.

154 781 207 837 Ill.
236 779 286 836 De
305 780 461 837 condicione
480 786 638 836 atomorum
659 780 690 835 in
710 778 1019 851 transfarrnatianibus
1046 779 1094 835 vel

94 871 125 925 in
145 870 213 943 ipsis
232 870 386 944 cunpasitis
406 868 645 926 substantialibus,
667 898 706 909 -
730 866 905 925 Scholastici
934 866 1011 925 nihil
1040 884 1089 924 ne
1141 874 1143 945 l

94 968 166 1033 gant
186 957 225 1016 de
245 957 289 1028 iis,
312 975 389 1033 quae
411 968 546 1016 recentes
568 956 696 1016 chemici
717 948 828 1015 docent
849 956 931 1014 circa
947 957 1090 1014 exsisten·
1141 946 1144 1097 l

94 1046 165 1104 tiam
186 1056 355 1105 atomorum
382 1056 412 1104 et
440 1046 573 1104 diversas
603 1064 676 1121 quas
706 1046 810 1105 ineunt
836 1044 1087 1103 combinationes
1143 1098 1144 1105 ,

94 1137 191 1210 Leges
212 1136 251 1193 ab
272 1135 343 1211 ipsis
372 1135 513 1193 stabilitas
543 1153 649 1193 omnes
679 1136 853 1207 admittunt,
884 1141 992 1207 negant
1019 1152 1089 1193 aera
1143 1118 1145 1219 i

94 1225 162 1281 laec
180 1226 360 1283 scientiarum
376 1226 486 1300 placita
505 1225 639 1300 sufficere
659 1226 701 1282 ad
717 1226 906 1299 quaestionem
926 1225 960 1281 da
980 1225 1089 1281 ultimis
1144 1222 1145 1235 ,

95 1322 241 1388 carparnm
255 1315 406 1389 prina'pns
425 1314 595 1371 salvandam.
624 1313 797 1388 Requiritur
816 1313 897 1371 enirn
911 1313 991 1370 iuxta
1005 1313 1088 1389 ipsos

95 1402 126 1458 in
147 1402 229 1460 omni
251 1421 378 1477 corpore
398 1402 578 1478 principium
601 1404 769 1477 quoddam,
792 1421 853 1477 quo
874 1404 918 1472 fit,
940 1412 973 1460 ut
994 1403 1087 1460 atomi

95 1492 184 1549 talem
205 1493 251 1549 vel
271 1493 361 1550 talem
381 1491 483 1550 ineant
505 1501 534 1549 et
552 1500 733 1549 conservent
746 1490 1013 1563 combinationem,
1036 1492 1088 1548 tali

94 1582 141 1638 vel
163 1581 214 1638 tali
235 1581 388 1655 praeditae
410 1581 467 1639 sint
487 1591 570 1639 motu
591 1580 690 1648 locali,
712 1581 770 1638 alia
783 1580 961 1638 huiusmodi.
994 1580 1089 1653 Quod

96 1668 218 1743 quidem
238 1669 418 1745 principium
439 1671 625 1728 contendunt
651 1688 715 1728 esse
744 1668 856 1744 aliquid
883 1669 1088 1727 substantiale.

155 1759 298 1815 Naturam
320 1777 391 1817 vero
412 1770 578 1817 atomorum
601 1760 683 1835 quod
705 1758 822 1829 attinet,
845 1758 951 1828 ineo,
981 1770 1091 1817 contra
1148 1801 1149 1825 ,

96 1845 247 1906 atomistas
268 1849 434 1918 chemicos,
466 1848 527 1907 fere
558 1868 664 1908 ornnes
694 1847 862 1908 scholastici
893 1848 1088 1919 conveniunt,

97 1938 178 2010 quod
200 1938 386 1996 contendunt
407 1949 522 1996 atomos
543 1957 706 2014 corporum
725 1939 910 2014 simplicium,
934 1938 1090 1997 combina-

95 2024 176 2083 tione
198 2027 346 2100 perfecta,
377 2025 408 2083 in
438 2027 615 2101 corporibus
644 2028 816 2102 compositis
837 2046 899 2086 non
922 2027 1090 2086 formaliter

97 2114 150 2172 sed
170 2114 331 2174 virtualiter
352 2125 466 2173 tanturn
486 2131 626 2174 manere:
654 2119 776 2174 «uirtute
796 2123 938 2174 mantnt».
968 2116 1020 2174 Ad
1041 2134 1089 2175 ex-

96 2203 268 2279 plicandum
288 2223 361 2263 vero
381 2222 501 2263 sensum
521 2204 606 2266 huius
627 2205 710 2264 vocis
731 2205 762 2262 in
776 2206 882 2263 multas
896 2206 1010 2264 abeunt
1023 2224 1088 2264 sen-

96 2294 202 2351 tentias
217 2295 233 2351 ¹.
275 2295 383 2352 Utrum
404 2293 483 2352 enim
505 2293 654 2352 realitates
675 2294 755 2366 illae,
778 2312 856 2369 quae
876 2294 909 2352 in
930 2295 1086 2352 elementis

97 2400 219 2440 munere
240 2383 402 2440 formarum
423 2383 593 2457 funguntur,
615 2383 656 2442 ad
675 2401 772 2441 novae
794 2383 838 2442 rei
858 2383 1085 2457 generationem

96 2478 170 2528 tatae
190 2483 330 2530 corruant
349 2490 473 2530 necesse
495 2472 531 2530 sit
547 2469 585 2547 (S.
602 2466 756 2547 Thomas),
779 2491 818 2530 an
839 2472 954 2530 formae
971 2481 1088 2530 tantum

97 2560 242 2618 rationem
262 2561 406 2632 amittant,
429 2579 496 2621 cum
518 2562 617 2620 forma
632 2561 763 2620 nobilior
777 2561 960 2621 extrinsecus
974 2561 1090 2620 oriatur

98 2646 249 2725 (Albertus
270 2646 424 2726 Magnus):
453 2653 491 2710 ab
513 2650 583 2727 ipsis
604 2651 849 2727 hylemorphismi
870 2651 1035 2710 fautoribus
1056 2652 1089 2710 in

98 2740 290 2798 contentione
311 2741 440 2815 ponitur.
472 2741 562 2799 Cuius
582 2740 703 2798 ultimae
725 2741 888 2799 sententiae
914 2740 1028 2799 «visin
1050 2759 1089 2799 eo

98 2839 141 2886 est
161 2829 331 2903 praecipua,
353 2839 384 2886 ut
405 2831 443 2898 id,
465 2830 542 2903 quad
559 2839 604 2887 est
618 2830 716 2887 forma
730 2830 760 2887 in
776 2830 939 2901 elementis
961 2847 1089 2888 manere

97 2917 226 2986 dicatur,
255 2936 315 2974 non
337 2927 438 2976 tamen
459 2937 489 2974 aa
510 2918 605 2987 suada,
627 2938 681 2993 qua
703 2920 798 2977 estin
819 2918 990 2988 elementiS,
1014 2930 1088 2994 puta

97 3016 128 3061 ut
155 3005 258 3062 forma.
300 3009 370 3063 Hoc
397 3018 429 3063 ut
456 3009 595 3081 exemplo
625 3003 718 3081 (quod
746 3025 817 3066 sane
846 3027 907 3066 non
936 3009 1019 3065 omni
1049 3027 1087 3067 ex

97 3101 182 3161 parte
211 3109 278 3146 curn
306 3109 352 3160 re,
382 3094 420 3150 de
443 3112 502 3167 qua
522 3095 633 3168 agitur,
666 3095 828 3158 convenire
856 3091 1001 3176 videatur)
1024 3097 1086 3158 illu·

159 3257 226 3305 ¹Cf.
246 3263 320 3307 Pescla
338 3264 354 3310 l.
374 3280 395 3311 c.
415 3268 435 3325 I,
456 3268 515 3327 289.
536 3282 596 3328 29²·
617 3283 665 3330 301
688 3289 725 3337 sq.
