2350 3700
348 136 388 171 DE
407 134 573 172 cumelsuo
593 135 752 173 KANTIANO.
993 135 1040 171 111

43 300 126 355 quae
156 282 191 340 in
219 282 279 343 hac
305 283 366 342 vita
387 302 449 342 non
468 301 586 360 semper
600 282 765 357 invenitu13
791 281 961 341 exsistentia
974 282 1042 355 Dei,

42 382 76 429 ut
96 370 131 429 in
153 374 251 431 altera
271 373 332 433 vita
352 392 468 433 merces
491 374 539 432 vel
559 391 640 449 pena
666 373 766 431 locum
786 370 899 431 habere
919 371 1014 448 possit
1024 374 1042 432 ¹.

388 524 406 592 ξ
426 541 449 578 2.
480 528 552 577 Eius
570 528 708 577 refutatio.

106 633 292 706 Argumenta
309 635 446 708 generali.
469 664 508 673 -
530 635 637 693 Omnis
658 632 775 705 critica,
797 632 880 693 cuius
900 632 1043 693 terminus

43 731 90 780 est
104 723 233 798 negatio
247 723 403 781 veritatum
418 741 529 795 earum,
546 741 623 798 quae
638 724 677 781 ab
691 722 829 782 omnibus
839 721 1041 793 admittuntur,

43 822 174 887 propter
197 812 380 871 evidentiam
401 831 502 871 earum
518 811 611 872 menti
625 813 825 889 affulgentem,
841 821 871 871 et
884 812 1042 871 affirmatio

45 900 126 972 eiuS,
159 901 246 976 quod
275 914 380 961 omnes
406 901 544 961 homines
570 901 744 960 naturaliter
770 900 801 959 in
829 902 889 959 vita
918 919 971 961 sua
999 901 1042 959 in·

45 990 202 1050 stituenda
231 1000 344 1067 negant
370 1002 400 1050 et
427 1000 459 1048 ut
486 991 593 1049 falsum
618 989 759 1049 reiciunt:
787 1000 832 1049 est
852 990 955 1049 critica
975 992 1041 1066 plus

47 1098 139 1153 quam
161 1080 255 1153 falsa,
283 1090 386 1156 utpote
406 1080 639 1140 dementissima.
680 1077 774 1154 Atqui
794 1078 860 1139 talis
879 1088 924 1139 est
937 1079 1041 1139 critica

11 1190 12 1193 ¹
47 1168 206 1227 Kantiana
233 1169 356 1229 rationis
383 1185 491 1245 purae:
520 1168 729 1228 conclusiones
750 1167 830 1227 enim
851 1186 972 1241 omnes,
1001 1168 1040 1227 ad

48 1278 122 1333 quas
151 1258 294 1330 devenit,
322 1259 516 1318 adversantur
544 1259 644 1319 sensui
672 1257 833 1329 communi,
855 1257 970 1317 iudiciis
991 1277 1041 1317 na·

48 1348 194 1406 turalibus
208 1348 325 1419 mentis,
347 1347 434 1407 dictis
456 1358 486 1408 et
506 1348 592 1407 lactis
605 1347 739 1406 omnium
753 1346 915 1407 hominum.
958 1349 1040 1423 Ergo

48 1436 228 1495 criticismus
256 1438 423 1496 Kandanus
450 1448 482 1496 ut
509 1437 626 1496 insania
655 1437 822 1496 reiciendus
852 1447 896 1495 est
906 1437 925 1495 ².
975 1436 1039 1495 Nisi

46 1527 125 1585 forte
146 1526 289 1585 admittas
311 1526 454 1585 Kantium
483 1526 570 1587 luisse
594 1526 860 1602 ‹phaenomen0m
885 1525 1039 1601 quoddam

46 1612 133 1691 (quid
155 1615 240 1673 enim
255 1616 291 1674 sit
308 1616 356 1674 <dn
377 1636 438 1688 se»,
458 1616 537 1675 iuxta
551 1615 614 1674 eius
627 1615 796 1673 doctrinam
809 1634 865 1673 nos
880 1614 956 1673 scire
976 1634 1055 1674 non.

44 1723 222 1780 possumuS,
251 1724 310 1765 nec
337 1705 401 1781 ipse
422 1706 545 1765 fortasse
566 1723 709 1779 umquam
730 1699 864 1779 scivit)e
893 1705 978 1763 caelo
998 1704 1038 1762 ad

44 1813 145 1870 genus
167 1794 331 1854 humanum
352 1794 480 1866 missum,
496 1804 528 1853 ut
548 1795 644 1872 ipsum
659 1795 697 1853 ab
722 1793 875 1854 «illusione
890 1803 1040 1853 transcen-

45 1884 165 1942 dentali
188 1895 218 1943 et
238 1884 381 1943 naturali»
405 1882 556 1944 liberaretl

113 2042 121 2074 ¹
142 2044 184 2092 Cf.
202 2045 302 2093 «Kritik
314 2045 360 2094 der
372 2045 534 2109 pralrtischen
547 2044 699 2103 Vemunft»,
719 2044 785 2092 inter
796 2044 844 2092 alia
857 2061 882 2111 p.
898 2054 949 2105 274
962 2041 1039 2108 (158)

49 2113 139 2173 «liber
163 2124 206 2173 die
225 2124 352 2174 Postulnte
376 2126 422 2175 der
438 2126 527 2174 reinen
545 2125 710 2189 praktischen
729 2125 856 2174 Vemunlt
880 2125 1038 2189 uberhaupt»

47 2205 98 2253 hoc
118 2206 214 2254 habet:
245 2205 302 2254 «ste
328 2200 379 2268 [die
397 2206 526 2254 Postulate
551 2206 598 2254 der
614 2206 703 2254 reinen
721 2205 886 2269 prnktischen
905 2201 1040 2269 vernunst]

46 2286 133 2348 gehen
153 2285 204 2334 alle
223 2301 282 2334 vom
300 2285 459 2335 Grundsatze
478 2287 523 2334 der
541 2285 671 2334 Moralitit
689 2301 748 2344 aus,
777 2285 823 2333 der
840 2285 901 2334 kein
920 2285 1040 2346 Postulat,

45 2366 162 2414 sondern
183 2366 225 2412 ein
245 2366 337 2414 Gesetz
356 2365 401 2426 ist,
428 2366 508 2415 durch
527 2365 637 2415 welches
654 2365 781 2414 Vernunft
802 2366 965 2414 unmittelbar
989 2367 1040 2414 den

46 2445 145 2493 Willen
165 2445 303 2506 bestimmt,
323 2446 432 2494 welcher
444 2445 520 2494 Wille
539 2445 602 2494 aber
618 2444 740 2505 dadurch,
761 2444 817 2492 dass
831 2461 859 2494 er
871 2461 900 2494 so
912 2447 1040 2495 bestimmt

10 2537 12 2548 ’
44 2523 84 2586 ist,
106 2525 145 2573 als
165 2527 250 2574 reiner
267 2526 355 2586 Wille‚
382 2527 453 2574 diese
479 2526 659 2590 notwendigen
678 2525 866 2590 Bedingungen
892 2525 938 2574 der
956 2526 1038 2574 Befol-

43 2622 119 2670 gung
146 2607 231 2655 seiner
248 2607 390 2654 Vorschrilt
413 2607 523 2665 fordert;
550 2607 620 2654 diese
638 2604 767 2655 Postulate
793 2606 851 2654 sind
875 2605 946 2654 nicht
969 2607 1040 2654 theo

44 2686 159 2735 retische
179 2687 321 2751 Dogmata,
347 2687 458 2735 sondern
477 2688 716 2750 Voraussetzungen
742 2686 767 2733 in
793 2685 941 2749 notwendig
966 2685 1039 2749 pruk-

44 2767 143 2816 tischer
162 2766 311 2826 Rucksicht,
334 2767 466 2816 etweitern
485 2767 539 2816 also
558 2783 624 2816 zwar
642 2768 688 2815 das
706 2765 864 2832 spekulative
883 2765 1039 2814 Erkenntnis

45 2847 126 2906 nicht,
151 2847 235 2912 geben
255 2847 318 2896 aber
335 2849 386 2897 den
405 2848 484 2896 Ideen
503 2848 549 2896 der
566 2847 746 2912 spekulativen
765 2845 891 2895 Vernunft
910 2847 943 2893 im
964 2847 1039 2910 allge-

45 2929 150 2976 meinen
179 2925 339 2990 (vermittelst
365 2929 433 2977 ihrer
459 2929 608 2992 Beziehung
636 2928 690 2976 aufs
719 2923 877 2990 Praktische)
909 2926 1038 2989 objektive

45 3008 165 3069 Realitat,
185 3008 239 3056 und
257 3009 423 3073 berechtigen
442 3009 477 3059 sie
496 3026 527 3058 zu
539 3009 676 3072 Begrilien,
697 3007 775 3055 deren
788 3005 957 3071 Mdglichlceit
973 3007 1038 3056 auch

45 3105 93 3136 nur
111 3105 143 3138 zu
163 3088 311 3153 behaupten
330 3089 366 3138 sie
387 3089 441 3138 sich
468 3095 539 3138 sonst
564 3089 636 3137 nicht
662 3087 791 3135 anmassen
818 3086 923 3136 lciinnte.
961 3087 1037 3136 Diese

45 3168 175 3219 Postulate
200 3169 259 3216 sind
284 3169 324 3218 die
350 3170 395 3218 der
419 3169 632 3227 Unsterblichkeit,
661 3169 707 3215 der
724 3167 846 3226 Freiher't,
873 3166 969 3229 positiv
994 3166 1037 3214 be-

47 3249 163 3308 trachtet,
183 3249 237 3296 und
256 3249 301 3296 des
320 3250 428 3298 Daseins
448 3250 551 3298 Goltes.»

107 3325 118 3359 ¹
136 3328 232 3392 Lepidi,
251 3328 290 3377 La
308 3327 394 3377 critica
412 3327 479 3376 della
497 3327 602 3390 regione
621 3339 685 3388 pura
703 3339 729 3386 p.
749 3332 807 3382 27.-
