2350 3700
284 160 372 197 NOTIO
391 161 601 199 PROPOSITIONIS
621 163 821 205 DECLARATUR.
1009 168 1041 221 35

26 305 200 381 Fulgurat„
239 307 398 366 Eiusmodi
419 308 527 367 iudicia
548 311 724 386 imperfecta
746 332 808 371 non
829 315 923 373 solum
944 316 1044 376 inho

26 394 119 455 mine
163 397 230 456 sed
265 397 356 456 etiem
383 396 413 454 in
441 391 617 458 animalibus
644 400 737 459 brutis
765 401 891 461 inveniri
919 406 1043 480 psycho

26 484 119 559 logia
145 486 258 544 docet.

98 596 131 632 2.
169 574 318 633 iudicium
331 574 463 648 formale
481 577 529 634 vel
542 577 705 652 perfeetum
730 590 760 637 et
780 583 902 657 proprie
930 583 1042 653 dtoum,

27 682 99 737 quo
124 681 234 735 mens,
256 664 454 723 abstractione
475 665 562 736 facta,
584 665 663 725 inter
680 668 811 727 diversas
825 669 908 729 ideas
921 672 1043 749 proprie

29 751 143 811 dictas
166 771 277 810 nemim
296 754 413 826 logicum
433 753 558 813 subiecti
578 765 609 813 et
629 756 793 830 praedicati
820 757 948 835 detegit,
980 779 1044 837 per·

29 840 198 917 cipiendo
228 841 341 901 scilicet
366 844 488 900 alteram
514 844 545 899 in
569 845 689 902 oltert'res
717 849 877 905 extensione
903 849 951 907 oel
976 866 1043 907 com·

23 932 240 1005 prehensione
265 932 402 989 contineri
426 932 474 990 oel
497 950 561 991 non.
604 934 679 992 Tale
706 933 864 1005 iudicium,
896 955 964 995 cum
994 938 1045 997 fiat

32 1019 136 1078 circa.
152 1020 243 1078 ideas
264 1020 426 1079 abstractas
446 1031 476 1079 et
496 1020 686 1092 universales,
701 1031 760 1098 per
776 1025 865 1081 solum
878 1026 1044 1085 intellectum

34 1111 72 1166 fit
96 1120 134 1167 et
155 1109 289 1185 proinde
310 1108 417 1167 dicitur
437 1109 528 1167 etiam
540 1110 673 1168 iodicium
686 1112 877 1171 intellectuale.
909 1115 944 1173 In
958 1113 1043 1174 disci·

36 1198 142 1272 plinis
163 1215 241 1256 vero
261 1197 365 1272 logicis
386 1197 417 1255 in
437 1199 496 1256 hoc
517 1198 658 1257 iudicium
679 1200 853 1275 praesertim
874 1202 988 1261 animus
1003 1202 1044 1261 in·

38 1287 197 1345 tenditur.

444 1403 610 1451 Armenius
630 1415 660 1451 11.

218 1514 332 1564 NOTIO
352 1514 622 1565 PRO'POSI'I'IONIS
640 1516 889 1567 DECLARATUR.

114 1641 139 1697 Ι.
150 1640 322 1714 Propositio
332 1634 517 1716 (enuntiatio)
527 1652 572 1699 est
579 1640 722 1699 iudicium
732 1641 864 1700 terminis
874 1658 1044 1716 expressum

43 1740 79 1787 et
103 1728 239 1804 proinde
266 1728 419 1787 definitur:
447 1731 556 1798 oratio,
583 1747 657 1804 quoe
684 1730 796 1804 aliquid
819 1730 852 1787 de
874 1731 969 1804 aliquo
997 1728 1044 1803 of·

32 1820 159 1894 firmat
177 1819 226 1876 vel
242 1824 333 1892 negot.
376 1818 430 1876 Est
449 1817 576 1893 proinde
598 1818 763 1894 propositio
785 1813 850 1893 (der
873 1812 951 1893 Satz)
982 1832 1045 1876 ora·

43 1906 147 1966 tionis
169 1907 319 1982 quaedam
340 1905 464 1982 speeies.

118 1995 226 2054 Oratio
247 1995 329 2054 enim
348 1991 408 2071 (die
429 1990 527 2070 Rede)
555 1996 722 2072 generatim
749 1996 902 2055 definitio:
932 1995 1045 2054 vocabo·

46 2087 152 2143 lorum
172 2085 312 2159 qooedom
331 2085 481 2161 complexio
499 2085 542 2142 od
551 2086 664 2161 aliquid
673 2086 888 2162 significandum
902 2085 1044 2144 ordinato.

47 2176 101 2233 Ex
122 2184 212 2250 parte
233 2173 276 2232 rei
296 2184 404 2245 autem,
426 2174 465 2232 ad
483 2192 575 2249 quam
588 2174 816 2250 significandam
830 2176 905 2233 haec
919 2173 1046 2231 vocabu·

47 2265 156 2322 lorum
170 2261 341 2339 complexio
356 2274 400 2322 est
410 2262 556 2335 ordinata,
571 2263 725 2339 multiplex
739 2263 927 2339 distinguitur
941 2261 1045 2333 oratio,

47 2353 95 2410 ita
117 2362 153 2410 ut
173 2351 225 2410 sit:
247 2352 440 2411 admirativo:
467 2352 614 2424 Domine,
643 2352 791 2411 Dominus
810 2362 927 2423 noster,
957 2369 1047 2426 quam

50 2440 237 2499 admirabile
258 2452 303 2500 est
322 2459 435 2500 nomen
461 2450 559 2517 tuum3
586 2442 812 2516 interrogatioo:
839 2440 920 2517 quis,
952 2450 1045 2515 putas,

49 2548 135 2607 puer
154 2529 210 2589 iste
231 2529 306 2588 erit?
336 2531 523 2605 imperoteoo:
545 2529 661 2601 venite,
682 2529 836 2590 benedicti
856 2527 951 2587 Patris
971 2529 1048 2601 mei3

49 2620 258 2696 deprecatorio:
278 2620 419 2678 miserere
439 2618 516 2693 mei,
537 2621 682 2695 optati'oo:
702 2619 816 2678 utinam
830 2617 954 2694 frigidus
968 2635 1047 2676 esses

51 2720 109 2768 aut
131 2708 261 2780 calidus3
283 2709 473 2784 permissivo:
500 2709 551 2766 fiat
570 2708 639 2780 tibi,
669 2708 744 2767 sicut
763 2709 824 2784 vis3
852 2707 1047 2766 enuntiativo:

51 2800 144 2858 Deus
165 2810 210 2857 est
231 2798 335 2857 bonus.
364 2798 404 2856 Et
422 2798 499 2856 haec
519 2796 622 2855 ultima
642 2796 784 2856 orationis
805 2795 920 2872 species
941 2795 1048 2854 dieitur

47 2889 215 2965 propositio
235 2888 280 2946 vel
302 2888 464 2945 enuntiooo.

118 2978 160 3036 11.
181 2978 218 3034 In
232 2976 314 3035 omni
328 2975 533 3052 propositione
547 2977 608 3034 trio
616 2977 750 3034 elemento
759 2974 899 3051 distingui
909 2985 1046 3051 possunt:

53 3066 243 3137 subiectum,
272 3065 491 3140 praedicatum,
521 3065 644 3140 copula:
673 3065 764 3124 homo
791 3059 977 3139 (subiectum)
1004 3075 1048 3122 est

54 3148 194 3230 (copula)
215 3153 347 3212 mortalis
368 3148 604 3230 (praedicatum).

121 3243 296 3302 Subiectum
316 3254 346 3302 et
366 3241 571 3318 praedicatum
592 3241 760 3317 exprimunt
780 3242 881 3302 iudicii
899 3241 1049 3300 materiam

57 3328 174 3406 (ideas,
195 3330 277 3390 circa
297 3350 372 3406 quas
391 3333 424 3389 fit
442 3327 673 3406 pronuntiatio),
702 3333 810 3405 copula
829 3349 902 3389 vero
916 3329 1048 3403 formam

848 3425 888 3484 3.
