2350 3700
121 132 169 183 132
499 130 728 169 CRITERIOLOGIA.

177 279 294 353 Quibus
309 278 446 338 omnibus
460 278 625 354 perpensis,
641 277 801 337 reflexione
817 286 1005 353 compertum
1020 275 1116 333 habe·

117 386 181 427 mus
213 368 355 427 motivum
385 369 515 426 ultimum
545 366 643 426 omnis
673 366 856 425 certitudinis
885 367 1007 425 nostrae
1045 382 1116 424 esse

117 476 237 535 semper
257 458 424 516 euidentiam
437 458 598 515 abiectiaam
613 451 686 531 (sive
699 456 849 515 internam
862 455 926 514 sive
939 447 1115 526 externam)
1166 461 1168 508 ἐ

116 548 204 605 mcuti
228 565 285 605 sese
312 546 549 620 manifestantem.
593 545 745 620 Quamdiu
772 544 848 604 haec
877 544 1031 603 evidentia
1059 544 1116 601 ob

117 635 224 695 iectiva
243 654 305 694 non
326 635 537 707 manifestatur,
560 652 646 693 mens
666 634 827 710 irrequieta
839 644 959 708 manet3
981 632 1116 709 quoties·

118 743 246 801 cumque
266 743 339 783 vero
360 726 496 800 affulget,
527 724 695 783 intellectus
714 724 746 782 in
766 724 955 799 possessione
983 722 1031 780 sui
1059 722 1115 780 ob·

117 814 187 874 iecti
207 815 326 891 quiescit.
363 814 449 887 Quae
471 813 572 871 omnia
599 815 680 873 clare
708 814 869 873 ostendunt
895 811 1114 871 certitudinem

117 903 203 976 oriri,
232 921 332 979 neque
353 920 390 961 ex
411 921 503 962 caeca
530 903 661 978 quadam
687 912 717 961 et
743 902 826 960 inani
853 901 987 978 synthesi
1014 899 1116 959 menti

116 993 227 1065 innata,
249 1010 349 1068 neque
370 1010 408 1051 ex
427 992 457 1050 vi
471 1002 594 1051 externa
607 992 646 1051 ad
660 992 781 1050 inanem
795 1001 908 1050 motum
922 992 1114 1049 intellectum

117 1091 261 1158 cogente,
282 1080 335 1141 sed
357 1099 394 1139 ex
413 1080 479 1157 ipsa
498 1082 618 1140 veritate
635 1082 776 1150 obiectiua,
798 1080 1041 1139 manifestatione
1056 1079 1112 1151 sui,

118 1172 287 1230 facultatem
308 1171 347 1230 ad
368 1188 399 1229 se
420 1180 452 1229 ut
472 1169 511 1229 ad
531 1170 684 1230 obiectum
704 1189 788 1229 suum
815 1170 1113 1247 apprehendendum

117 1260 273 1319 alliciente.
316 1260 408 1334 Quod
440 1258 561 1335 quidem
591 1269 652 1317 tam
682 1260 872 1319 manifestum
901 1270 961 1331 est,
992 1270 1025 1317 ut
1054 1260 1115 1334 ipsi

115 1351 225 1426 sceptici
242 1349 321 1407 hanc
341 1348 495 1407 veritatem
516 1348 547 1406 in
568 1348 707 1407 omnibus
724 1349 783 1409 suis
798 1348 1011 1409 assertionibus
1025 1366 1112 1423 prac-

116 1438 174 1497 tice
195 1437 360 1496 admittant
403 1437 434 1497 Si
461 1437 541 1497 enim
570 1438 609 1496 ab
637 1438 708 1514 ipsis
736 1438 913 1515 quaesieris,
942 1457 996 1497 cur
1024 1456 1112 1495 suam

117 1528 294 1587 sententiam
322 1527 385 1586 sine
414 1526 534 1586 errandi
567 1527 729 1587 formidine
762 1528 933 1600 admittant,
968 1527 1111 1603 profecto

117 1635 236 1694 semper
262 1616 505 1693 respondebunt:
539 1616 708 1689 «Admitto,
737 1617 808 1692 quia
833 1617 893 1676 hoc
915 1635 1020 1677 verum
1041 1634 1111 1675 esse

118 1707 198 1764 clare
219 1705 291 1763 mihi
312 1715 464 1781 apparet.»

180 1796 242 1855 Stat
268 1813 340 1871 ergo
369 1795 538 1855 conclusio:
569 1805 734 1856 Reflexione
759 1805 874 1856 ostendi
900 1813 996 1870 potest
1024 1805 1112 1854 certi-

118 1886 233 1935 tudines
252 1893 363 1934 nostrae
382 1900 446 1934 esse
465 1885 613 1948 legitimas,
633 1893 729 1949 utpote
747 1886 885 1936 obiective
904 1888 1047 1936 fundatae.

179 2064 308 2122 Alterius
335 2065 507 2140 quaestionis
538 2065 648 2123 salutii).
682 2095 723 2103 -
757 2064 837 2124 Fieri
865 2076 967 2124 tamen
996 2075 1112 2141 potest,

118 2162 147 2213 et
176 2171 281 2212 revera
303 2170 530 2227 nonnumquam
557 2154 605 2224 fit,
635 2162 668 2211 ut
695 2153 862 2213 evidentiae
890 2154 966 2213 illius
992 2155 1113 2212 claram
1166 2190 1167 2195 κ

117 2242 344 2318 perceptionem
371 2242 476 2300 haberi
497 2249 644 2318 putemus,
673 2261 742 2300 cum
763 2261 867 2302 revera
887 2243 953 2320 ipsa
971 2261 1036 2302 non
1058 2263 1113 2319 ap-

117 2341 237 2406 pareat,
266 2331 307 2390 ita
334 2340 365 2389 ut
393 2330 424 2388 in
452 2349 577 2389 errarem
605 2332 780 2390 inducamur.
822 2332 952 2391 Criticae
977 2332 1113 2409 proinde

120 2438 210 2478 sanae
231 2421 286 2478 erit
307 2420 391 2478 huius
406 2419 515 2478 erroris
529 2438 650 2479 causam
663 2420 813 2496 detegere,
834 2431 866 2480 ut
880 2421 971 2498 ipsius
985 2422 1111 2481 errandi

122 2509 287 2584 periculum
307 2509 393 2568 vitari
413 2508 515 2585 possit.
557 2511 621 2568 Iam
642 2528 714 2568 vero
735 2529 825 2570 causa
844 2511 909 2570 illa:

181 2619 205 2656 1.
235 2597 306 2656 Non
334 2608 379 2657 est
405 2597 436 2656 in
464 2598 529 2675 ipsa
555 2600 702 2658 facultatis
722 2608 831 2658 namra
854 2601 1012 2676 ponenda,
1042 2601 1111 2660 aliis

117 2687 229 2746 verbis:
265 2705 328 2746 non
355 2697 454 2763 potest
480 2688 596 2748 admitti
623 2690 793 2748 facultatem
821 2690 1025 2766 cognoscendi
1055 2692 1111 2749 ho

117 2776 205 2835 minis
225 2786 308 2836 motu
329 2795 382 2836 suo
402 2777 529 2836 naturali
548 2779 686 2852 tendere,
707 2797 771 2837 non
791 2779 831 2837 ad
851 2797 970 2852 verum,
992 2780 1047 2838 sed
1068 2781 1111 2839 ad

118 2866 238 2924 falsum:
279 2867 419 2925 «facultas
456 2868 662 2942 cognoscendi
689 2877 747 2944 per
774 2887 804 2926 se
838 2886 901 2927 non
930 2869 1046 2929 inducit
1075 2869 1110 2926 in

118 2972 267 3013 errorem»
291 2957 339 3014 vel
360 2958 504 3014 naturales
523 2957 669 3015 inclinatio
689 2958 810 3016 heminis
830 2965 872 3016 est
890 2959 933 3016 ac'
948 2960 1107 3017 aerucam.

179 3045 263 3102 Duae
285 3044 365 3102 enim
386 3055 454 3104 sunt
473 3055 571 3117 notae,
597 3046 704 3122 quibus
724 3046 859 3122 apprime
879 3046 1108 3106 inclinationem

118 3133 291 3204 naturalem,
306 3144 338 3191 ut
351 3136 524 3206 naturalem,
546 3135 766 3210 cognoscimus:
789 3139 934 3194 necessitas
947 3136 1062 3196 scilicet
1075 3137 1107 3195 in

118 3229 201 3279 motu
221 3230 250 3279 et
270 3221 412 3280 delectatio
433 3241 469 3282 ex
489 3224 679 3300 possessione
700 3224 811 3284 obiecti
832 3225 968 3286 oriunda.
999 3226 1108 3286 Omnis

119 3309 199 3366 enim
213 3316 310 3366 motus
324 3311 472 3381 naturalis,
488 3312 571 3386 quasi
585 3312 767 3371 ineluctabili
781 3316 813 3372 fit
826 3324 951 3373 conatu:
967 3315 1107 3391 impediri
