2350 3700
326 810 785 875 PRAENOTIONES.

113 955 137 1010 I.
163 963 289 1024 Logicae
310 961 441 1011 definitio.
474 952 588 1028 Logica
603 948 699 1027 (λόγος,
715 949 807 1025 λογικὴ
823 947 970 1028 ἐπιστήμη)
985 963 1043 1011 est:

45 1042 170 1098 scientia
196 1037 238 1116 (et
259 1036 316 1116 ars)
342 1042 476 1100 directim
501 1043 589 1118 ipsius
616 1049 693 1102 actus
720 1041 856 1111 rotronis,
879 1051 1045 1119 perquam

46 1131 156 1188 scilicet
175 1131 257 1188 homo
277 1133 308 1188 in
329 1132 389 1207 ipso
416 1138 479 1189 actu
505 1133 627 1189 ratiom's
653 1131 785 1189 ordinate
811 1137 839 1188 ct
857 1131 991 1206 faciliter
1019 1138 1047 1188 ct

46 1223 115 1278 sine
136 1237 237 1276 errore
251 1221 389 1295 procedat
400 1222 417 1278 ¹.
460 1219 589 1278 Dicitur:

121 1330 146 1366 1.
169 1310 300 1378 scientae,
325 1308 343 1366 i.
365 1327 391 1367 e.
413 1309 546 1385 cognitio
567 1319 650 1368 certa
670 1327 725 1384 per
745 1327 864 1380 causas,
887 1309 962 1367 sicut
981 1328 1046 1368 rem

48 1416 146 1473 supra
168 1393 208 1472 (p.
234 1393 261 1471 1)
283 1397 501 1472 explicavimus.

119 1507 147 1544 2.
173 1487 309 1545 directim
329 1494 407 1545 actus
426 1487 554 1544 raatmt.
584 1486 718 1563 Logicae
739 1486 820 1546 enim
839 1487 971 1545 officium
992 1497 1044 1558 est,

49 1587 85 1634 ut
108 1575 257 1634 rationem
278 1576 318 1633 ad
339 1587 419 1635 recte
441 1575 633 1634 iudicandum
660 1587 690 1634 et
717 1577 756 1635 ad
783 1575 938 1635 veritatem
967 1577 1046 1634 inve

50 1664 203 1723 niendarn
224 1663 340 1739 dirigat.

119 1753 281 1812 Obiectum
311 1752 437 1828 proinde
467 1755 615 1811 materiale
641 1755 758 1829 logicae
782 1764 848 1812 sunt
871 1755 1046 1830 operationes

50 1844 166 1912 mentis,
189 1854 219 1901 et
239 1843 292 1901 sub
313 1842 372 1901 hoc
393 1855 530 1920 respectu
550 1843 610 1902 iam
631 1843 731 1903 differt
758 1843 796 1902 ab
819 1843 932 1914 ethica,
963 1843 1045 1903 cuius

50 1933 209 1991 obiectum
228 1932 382 1991 materiale
403 1943 469 1991 sunt
490 1934 680 2008 operationes
700 1934 876 2007 voluntatis3
906 1934 977 1991 item
1005 1933 1046 1992 di·

51 2020 213 2096 stinguitur
243 2022 281 2079 ab
312 2022 481 2097 ontologia,
512 2022 712 2097 cosmologia‚
743 2021 936 2094 theodicaea,
968 2040 1046 2097 quae

53 2119 150 2185 agunt
170 2110 209 2168 de
231 2111 450 2185 cognoscendis
470 2112 558 2170 rebus
579 2120 662 2169 extra
677 2122 809 2170 mentem
824 2110 1046 2185 exsistentibus3

53 2200 151 2257 immo
173 2199 211 2257 ab
230 2200 475 2276 anthropologia,
503 2219 579 2275 quae
601 2218 664 2258 non
685 2200 875 2275 operationes
896 2201 974 2259 solas
994 2202 1046 2257 ho-

53 2288 147 2347 minis
168 2288 221 2347 sed
242 2297 336 2347 toturn
356 2288 510 2348 hominem
531 2289 709 2349 considerat.

119 2376 281 2436 Obiectum
308 2396 380 2437 vero
403 2378 535 2452 formale
564 2388 609 2436 est
635 2385 725 2435 rectus
747 2396 814 2435 usus
836 2380 1045 2453 operationum

52 2465 174 2523 mentis.
217 2465 286 2538 Qua
306 2477 379 2524 nota
399 2466 498 2525 differt
525 2468 564 2525 ab
594 2467 646 2525 illa
674 2467 921 2543 anthropologiae
951 2478 1044 2542 parte,

54 2573 135 2629 quae
158 2554 196 2613 de
218 2555 309 2613 tribus
330 2555 437 2615 mentis
458 2556 682 2631 operationibus
710 2555 834 2616 disserit.
875 2559 1046 2633 Anthropo-

54 2643 139 2719 logia
159 2644 255 2714 enim,
283 2644 334 2702 ubi
355 2644 393 2703 de
415 2645 639 2720 operationibus
658 2646 788 2705 hominis
809 2645 952 2721 disputat,
982 2663 1045 2703 non

55 2743 172 2790 rectum
192 2750 276 2790 usum
291 2733 344 2791 sed
358 2742 493 2792 naturam
507 2734 623 2794 illarum
637 2735 845 2811 operationum
859 2734 1046 2807 considerat3

57 2820 176 2895 quaerit
196 2822 276 2879 enim
297 2832 395 2880 utrum
416 2823 480 2881 sint.
494 2825 659 2899 spirituales
680 2844 719 2882 an
739 2824 915 2882 materiales.

120 2928 147 2983 3.
169 2919 331 2985 perquam
358 2912 458 2969 scilicet
482 2912 563 2971 homo
585 2916 617 2971 in
644 2915 704 2989 ipso
731 2920 795 2971 actu
821 2915 944 2970 rationis
971 2913 1045 2970 ordi·

59 3006 127 3056 nate
146 3006 174 3056 et
186 3000 320 3074 faciliter
339 3008 366 3057 et
384 3002 444 3058 sine
464 3020 562 3060 errore
575 3004 719 3079 procedat.
750 3003 836 3077 Quae
856 3001 949 3060 verba
969 3002 1045 3077 prio·

59 3106 124 3147 rum
145 3100 213 3147 sunt
232 3089 416 3165 explicativa‚
438 3109 506 3150 cum
526 3092 650 3150 modum
670 3091 805 3151 indicent
825 3093 1044 3167 perfectiorem,

59 3196 120 3253 quo
142 3177 255 3253 logica,
287 3179 326 3238 de
347 3198 407 3254 qua
427 3180 477 3239 hic
498 3180 609 3255 agitur,
637 3192 770 3239 mentem
790 3181 898 3254 dirigit.
940 3180 1047 3238 Omnis

122 3353 129 3384 ¹
151 3356 177 3403 S.
202 3356 287 3405 Tltom.
307 3357 332 3404 in
351 3356 394 3404 lib.
415 3358 434 3404 l.
473 3358 568 3404 Poster.
589 3356 681 3417 analyt.
701 3354 759 3402 lect.
783 3367 804 3401 1.
