2350 3700
352 110 497 145 APPENDIX
517 112 556 146 AD
577 111 671 148 CAPUT
691 112 708 148 1.
975 108 1025 159 217

49 254 181 312 nouentis
208 275 294 315 mens
322 257 405 316 videt
432 259 509 316 inter
536 258 604 334 ipsa
631 277 692 317 non
722 277 786 317 esse
814 259 945 317 medium
979 261 1027 318 vel

49 343 150 401 tertium
170 343 258 417 quid,
291 345 374 420 quod
395 364 460 404 esse
481 348 591 423 possit,
621 348 644 406 si
666 348 756 406 ambo
779 343 843 422 (ens
865 347 977 406 scilicet
998 357 1028 406 et

49 426 169 506 non-ens)
190 452 254 490 non
276 445 383 494 essent.
411 437 528 494 Pendet
548 454 621 494 vero
642 437 702 494 hoc
723 436 903 512 principium
917 456 935 494 a
949 436 1028 512 prin·

50 521 116 595 cipio
135 523 390 582 contradictionis.
419 524 493 583 Ideo
515 525 597 584 enim
617 527 731 583 nullum
746 537 791 584 est
804 525 936 584 medium
951 525 1027 583 inter

48 629 100 668 esse
119 620 148 668 et
166 630 316 684 non-esse,
338 613 409 688 quia
430 613 512 672 idem
532 632 596 672 non
618 625 715 690 potest
736 615 822 674 simul
843 633 906 674 esse
921 625 951 673 et
965 633 1027 673 non

49 717 108 757 esse.
136 701 271 772 Medium
291 702 373 760 enim
394 703 476 775 illud,
499 703 523 762 si
544 704 732 779 reperiretur,
760 722 860 779 neque
881 714 959 763 esset
979 722 1028 762 ne-

47 807 95 863 que
107 807 167 846 non
182 800 277 865 esset3
299 790 382 866 quod
397 803 442 850 est
456 801 562 850 contra
576 793 759 869 principium
774 793 1026 852 contradictionis.

96 880 145 936 Ill.
166 880 352 955 Principium
373 880 506 956 denique
526 883 650 940 rationis
663 881 831 957 sufficientis
844 883 891 940 vel
906 881 1028 940 rationis

43 967 235 1040 necessariae,
258 969 342 1043 quod
363 970 562 1028 communiter
582 971 768 1030 enuntiatur:
795 971 886 1028 Nihil
902 973 962 1028 sine
982 990 1028 1028 ro-

43 1058 108 1112 tianc
125 1057 292 1132 sufficienti,
314 1059 332 1115 i.
348 1073 390 1117 e.:
413 1059 487 1116 nihil
509 1069 553 1118 est
574 1060 605 1117 id
627 1061 710 1135 quod
731 1069 785 1130 est,
807 1059 878 1117 nihil
893 1062 932 1130 fit,
955 1059 1028 1117 nihil

42 1145 151 1216 exsistit,
174 1146 249 1204 nihil
271 1148 477 1222 cognoscibile
499 1158 543 1206 est
563 1150 611 1207 vel
633 1148 832 1223 cognoscitur,
855 1149 911 1206 nisi
930 1148 967 1205 sit
981 1148 1030 1205 ali-

28 1232 118 1307 iquid,
148 1236 197 1293 vel
218 1235 250 1293 in
271 1235 338 1311 ipso
359 1238 407 1296 vel
428 1237 460 1294 in
482 1238 555 1307 alio,
583 1255 644 1312 quo
665 1239 713 1308 fit,
741 1247 774 1295 ut
801 1237 863 1297 eius
891 1237 1028 1308 essentia,

28 1299 79 1380 *vel
99 1323 280 1398 exsistentia,
302 1327 349 1384 vel
371 1326 614 1401 cognoscibilitas
635 1328 725 1403 plene
748 1326 948 1385 constituatur.

90 1413 248 1471 Fundatur
282 1423 381 1473 autem
416 1417 476 1473 h'oc
510 1415 691 1492 principium
722 1415 753 1472 in
784 1416 849 1490 ipso
879 1414 1029 1490 principio

44 1501 290 1560 contradictionis.
333 1503 407 1561 Ideo
436 1503 517 1562 enim
544 1522 629 1562 mens
657 1503 812 1562 veritatem
839 1504 924 1562 huius
952 1503 1030 1578 prin-

28 1589 100 1664 cipii
127 1591 292 1667 perspicit,
322 1591 393 1667 quia
419 1592 502 1651 videt
530 1611 584 1651 ens
611 1610 675 1650 non
702 1611 791 1668 posse
819 1592 984 1668 procedere
1012 1611 1030 1650 a

42 1679 132 1750 nihilo,
156 1679 231 1753 quia
251 1699 380 1739 nonens
400 1700 465 1740 non
486 1692 585 1757 potest
605 1683 637 1738 in
658 1691 689 1740 se'
712 1681 867 1740 continere
882 1681 1029 1739 rationem

42 1768 122 1838 entis,
152 1769 222 1828 aliis
242 1771 358 1841 verbis,
387 1771 458 1845 quia
478 1789 607 1830 nonens
627 1790 691 1829 non
712 1781 757 1828 est
778 1789 846 1841 ens,
879 1770 961 1845 quod
988 1778 1032 1828 est

43 1859 128 1931 ipsum
149 1860 336 1934 principium
358 1860 606 1919 contradictionis
626 1861 758 1935 legitime
780 1877 965 1918 conversum.

92 1948 282 2024 Principium
303 1950 426 2008 rationis
447 1950 621 2008 sufficientis
642 1951 672 2007 in
694 1949 884 2025 philosophia
914 1966 1034 2023 semper

42 2036 194 2095 adhibetur
215 2044 248 2095 ut
268 2026 427 2114 princeps,
458 2040 529 2114 quia
556 2048 689 2097 mentem
718 2038 757 2095 ad
784 2056 887 2095 causas
915 2038 962 2095 vel
990 2056 1033 2094 ra-

41 2126 127 2185 tiones
149 2127 354 2186 inveniendas
376 2129 480 2186 incitat
500 2138 531 2186 et
559 2128 590 2185 in
618 2128 688 2203 ipsis
716 2126 941 2193 considerandis
971 2144 1033 2183 mo·

40 2215 154 2273 deratur
177 2226 208 2274 et
231 2218 317 2291 quasi
337 2236 430 2275 manu
450 2217 541 2275 ducit.

90 2306 131 2363 Et
152 2305 208 2362 illa
231 2305 354 2380 quidem
377 2317 445 2364 sunt
465 2307 637 2382 praecipua,
660 2323 737 2380 quae
759 2306 836 2362 inter
854 2305 950 2380 prima
965 2321 1033 2361 enu-

40 2405 207 2465 merantur,
231 2395 381 2470 principia
401 2396 620 2472 philosophica.
663 2394 785 2451 Illorum
806 2411 878 2451 vero
900 2392 1033 2450 omnium

38 2484 193 2560 proprium
215 2494 261 2541 est
292 2484 392 2559 «quod
420 2503 484 2542 non
513 2485 609 2542 solum
635 2500 759 2541 necesse
788 2483 824 2540 sit
854 2500 891 2541 ea
917 2498 970 2557 per
1001 2496 1033 2537 se

38 2590 101 2630 rera
121 2590 204 2643 esse,
227 2572 283 2630 sed
304 2573 395 2631 etiam
415 2590 540 2631 necesse
561 2583 606 2631 est
626 2572 729 2643 videri,
753 2571 835 2645 quod
856 2572 913 2628 sint
933 2584 1032 2645 perse

39 2679 110 2719 vera.
163 2662 275 2719 Nullus
310 2672 421 2719 autem*
444 2671 543 2737 potest
577 2679 632 2737 per
666 2679 699 2719 se
734 2660 850 2735 opinari
885 2656 1033 2715 contraria

38 2768 155 2809 eorum»
175 2750 195 2808 ¹.
239 2751 342 2823 Quare
371 2750 510 2809 dicuntur
532 2752 678 2826 princzpia
705 2751 736 2805 in
762 2766 843 2805 sensu
870 2748 965 2804 stricto
992 2763 1034 2801 ac·

38 2848 117 2915 cepta,
141 2858 227 2915 quae
242 2848 311 2897 sunt
325 2840 555 2915 propositiones,
578 2856 655 2914 quae
670 2838 711 2895 ita
724 2846 792 2895 sunt
805 2854 903 2906 verae,
926 2844 1033 2903 certae,

37 2931 210 3000 evidenteS,
238 2939 272 2987 ut
292 2929 472 3005 probatione
493 2946 556 2986 non
577 2937 695 3003 egeant.
738 2928 773 2982 ln
794 2943 882 2983 sensu
902 2942 975 2981 vero
996 2922 1035 2978 la-

37 3018 105 3076 tiore
127 3019 320 3094 principium
341 3037 431 3093 supra
451 3018 648 3087 definivimus,
670 3024 702 3072 ut
716 3015 753 3073 sit
767 3013 932 3088 propositio
948 3027 1035 3085 quae-

37 3106 110 3178 libet,
136 3125 222 3182 quae
244 3107 329 3165 alteri
351 3107 527 3182 probandae
549 3106 678 3163 inservit.

96 3292 155 3344 ¹5.
184 3294 271 3343 Thom.
291 3294 318 3341 in
337 3293 380 3342 lib.
404 3306 414 3342 1
436 3294 502 3342 anal.
524 3301 591 3355 post.
611 3291 668 3338 lect.
692 3302 731 3349 19.
