2350 3700
412 642 734 746 INDEX.

1012 859 1028 898 P
1061 890 1065 900 .

69 923 233 972 Prooemium
249 960 976 974 ..........
1029 873 1066 974 ‘ir

68 1003 193 1052 Doctoris
212 1003 330 1068 Angelici
349 1003 401 1052 vita
419 1003 558 1052 secundum
577 1002 604 1052 P.
624 1003 654 1052 T.
675 1003 756 1053 Pesch
812 1042 817 1053 .
891 1042 896 1053 .
971 1043 977 1054 .
1025 1018 1065 1054 vu

68 1199 327 1262 Prolegomena
353 1199 385 1246 in
412 1198 605 1247 universam
632 1198 890 1263 philosophiam
968 1239 973 1249 .
1052 1214 1061 1248 1

465 1333 669 1407 LOGICA.

69 1443 256 1496 Praenotiones

466 1587 543 1628 PARS
565 1587 672 1629 PRIMA.

385 1671 752 1738 DIALECTICA.

67 1773 255 1822 Praenotiones

507 1909 591 1945 Lmen
611 1910 629 1945 1.

134 1992 185 2041 DE
204 1994 313 2041 PRIMA
333 1992 464 2043 MENTIS
485 1992 713 2047 OPERATIONE
732 1994 810 2044 SIVE
828 1995 877 2043 DE
896 1994 990 2062 IDEA.

65 2101 156 2165 Caput
184 2100 204 2149 Ι.
230 2100 271 2149 De
290 2100 354 2149 ideis
373 2100 399 2149 in
419 2116 446 2149 se
465 2100 525 2165 ipsis
540 2100 712 2161 consideratis,
732 2110 759 2149 ut
775 2111 834 2150 sunt
850 2102 876 2149 in
889 2110 973 2151 mente
1031 2112 1061 2163 13

106 2182 164 2229 Art.
183 2180 203 2229 1.
225 2180 303 2229 Notio
321 2180 394 2229 ideae

143 2256 161 2324 ξ
183 2274 204 2309 1.
226 2260 364 2323 Quomodo
383 2260 453 2309 ideas
472 2260 547 2309 nobis
566 2260 732 2320 efformemus,
752 2262 892 2311 ostenditur
965 2300 969 2310 .
1030 2272 1061 2323 13

143 2336 204 2404 ξπ.
227 2342 268 2389 De
287 2340 400 2390 idearum
419 2341 550 2389 elementis
569 2342 737 2390 constitutivis
755 2342 796 2391 vel
814 2342 928 2405 pertibus
966 2380 972 2393 .
1031 2353 1061 2405 15

144 2418 162 2485 ᾖ
182 2433 205 2483 3.
228 2422 290 2470 ldea
308 2421 427 2471 definitur
482 2460 970 2471 .......
1030 2433 1060 2483 17

105 2503 163 2551 Art.
176 2502 209 2550 ΙΙ.
229 2502 269 2551 De
288 2502 363 2551 variis
382 2501 495 2551 idearum
513 2502 692 2567 partitionibus
723 2541 728 2551 .
804 2540 809 2550 .
885 2541 890 2551 .
965 2542 969 2551 .
1029 2503 1060 2552 18

142 2578 204 2645 §L
226 2582 336 2631 Ratione
355 2581 485 2646 originis.
560 2621 564 2631 .
642 2620 647 2631 .
722 2621 727 2631 .
804 2621 809 2631 .
845 2613 850 2626 ·
885 2621 889 2631 .
965 2621 970 2631 .
1029 2582 1060 2631 18

142 2659 160 2727 ξ
180 2676 203 2711 2.
227 2662 336 2712 Ratione
355 2662 518 2727 perfectionis
536 2663 775 2727 repraesentationis
804 2702 809 2712 .
884 2702 889 2712 .
965 2702 969 2711 .
1029 2663 1060 2712 18

142 2739 160 2807 ξ
179 2756 203 2805 3.
226 2743 335 2792 Ratione
355 2743 587 2808 comprehensionis
642 2781 969 2792 .....
1029 2755 1060 2803 19

142 2820 202 2889 §4
226 2824 335 2872 Ratione
354 2822 507 2871 extensionis
561 2861 888 2873 .....
942 2861 969 2872 ..
1026 2836 1060 2871 20

228 2918 249 2954 1.
273 2904 314 2953 De
333 2903 468 2953 universali
487 2903 581 2953 reflexo

225 2996 249 3034 2.
272 2984 313 3033 De
332 2983 465 3033 universali
485 2984 581 3033 directo

142 3060 159 3128 ἓ
179 3075 202 3127 5.
224 3064 333 3113 Ratione
346 3064 498 3113 diversarum
510 3064 669 3124 relationum,
683 3080 746 3129 quas
758 3065 854 3114 habent
867 3066 933 3113 inter
942 3081 969 3113 se
1025 3077 1040 3111 2
1044 3073 1057 3126 5

65 3145 202 3208 Caputll.
229 3144 269 3194 De
289 3144 346 3193 idea
365 3144 473 3193 exterius
492 3160 610 3208 expresse
628 3145 682 3194 sive
701 3146 734 3193 de
752 3146 860 3193 termino
882 3185 887 3194 .
962 3183 967 3192 .

46 3229 50 3247 '
95 3225 150 3271 Art.
182 3225 201 3273 1.
227 3223 268 3271 De
288 3222 436 3272 definitione
455 3223 555 3271 termini

35 3301 45 3379 ,i
94 3304 149 3353 Art.
170 3305 202 3353 H.
229 3304 270 3352 De
290 3302 453 3351 terminorum
471 3302 650 3365 partitionibus
721 3339 726 3349 .

33 3383 41 3427 t
