2350 3700
121 89 170 138 168
499 101 729 138 carrnnrotoorn.

176 250 222 307 Ex
242 259 327 324 parte
347 267 420 308 vero
434 249 621 326 perfectionis
641 249 712 321 eius,
735 258 882 325 quatenus
902 247 1116 308 consideratur
1159 251 1160 287 l

114 356 177 396 non
198 337 230 395 in
250 337 316 414 ipsa
335 339 471 414 praecise
498 337 720 410 conformitate,
750 339 804 397 sed
831 339 862 396 in
890 335 1118 397 conformitatis
1158 343 1160 377 1

115 426 297 502 cognitione,
319 427 431 503 duplex
451 427 654 502 distinguitur:
1158 437 1160 448 ·

179 537 204 573 1.
225 516 344 574 Veritas
363 516 463 592 logica
482 517 637 592 improprie
656 517 730 574 dicta
750 517 797 574 vel
818 517 1006 591 imperfecta,
1039 533 1120 588 quae
1158 525 1160 561 l

115 616 159 663 est
173 605 367 664 conformitas
381 607 428 664 vel
443 604 623 680 adaequatio
639 615 718 663 ideae
733 624 801 663 cum
815 623 856 663 re.
884 605 1034 664 Profecto
1050 603 1120 661 idea

115 693 211 752 omnis
232 713 300 752 cum
322 714 354 754 re
375 702 417 752 est
436 694 608 753 conformis
646 693 752 753 Omnis
773 693 854 753 enim
874 693 944 753 idea
964 703 1025 752 aut
1055 711 1121 751 non
1159 706 1160 742 1

114 794 160 841 est
179 783 263 842 huius
284 785 331 842 vel
351 783 428 842 illius
449 783 492 842 rei
512 783 596 854 idea,
628 794 692 855 aut,
722 783 746 842 si
767 793 826 854 est,
855 784 924 842 idea
948 802 1033 843 vera
1064 791 1119 840 est.

115 872 269 944 Quatenus
289 891 362 932 vero
383 873 452 932 idea
472 883 526 942 est,
547 873 596 931 vel
620 891 716 930 «mera
737 872 859 930 alicuius
874 872 918 931 rei
933 889 1120 949 repraesen·
1159 900 1160 923 1

113 961 220 1032 tatio»,
252 963 332 1020 nulla
351 961 383 1020 in
405 962 470 1037 ipsa
490 961 639 1020 invenitur
659 961 876 1020 conformitatis
897 963 959 1020 eius
981 981 1061 1020 cum
1084 979 1119 1019 re

106 1052 307 1126 perspicientia
334 1052 382 1109 vel
409 1049 612 1125 pronuntiatio
641 1050 785 1116 mentalis.
828 1051 959 1110 Proinde
981 1050 1117 1126 quando
1158 1068 1160 1104 J

113 1138 152 1197 de
174 1138 248 1198 ideis
269 1158 368 1198 sermo
389 1151 441 1210 est,
464 1140 503 1198 de
517 1139 770 1214 inadaequatione
790 1140 839 1198 vel
858 1159 923 1198 non
944 1140 1115 1199 conformi·
1159 1169 1160 1174 1

113 1237 173 1286 tate
194 1247 296 1289 earum
317 1247 385 1287 cum
405 1228 494 1287 rebus
514 1227 615 1286 stricte
635 1227 719 1302 loqui
740 1246 802 1286 non
823 1246 988 1304 possumus.

176 1338 202 1376 2.
230 1319 348 1376 Veritas
374 1318 474 1393 logica
494 1318 615 1394 proprie
641 1318 716 1374 dieta
741 1318 790 1376 nel
806 1317 941 1393 perfecta
961 1329 1007 1377 est
1037 1337 1113 1376 con·

114 1407 247 1465 formitas
267 1409 315 1465 vel
336 1407 515 1481 adaequatio
536 1415 632 1464 iudicii
655 1425 723 1464 curn
744 1425 777 1464 re
798 1408 846 1465 vel
869 1407 1048 1466 enuntiabili
1078 1406 1112 1462 in
1159 1429 1160 1450 2

113 1512 154 1553 re.
183 1495 300 1554 Dicitur
320 1496 426 1554 etiam:
447 1498 510 1571 ipsa
530 1497 700 1570 adaequatio
719 1497 872 1554 intellectas
893 1503 921 1552 et
939 1498 984 1554 rei
1002 1497 1040 1554 ab
1065 1498 1108 1552 in·
1159 1519 1160 1553 3

113 1586 220 1642 tellecta
234 1592 383 1662 percepta,
415 1584 485 1660 quia
505 1595 551 1643 est
570 1583 765 1644 conformitas
786 1584 952 1644 intellectus
973 1604 1044 1644 cum
1074 1602 1109 1642 re
1159 1609 1160 1643 2

112 1682 250 1748 qnatenus
262 1676 394 1749 percipit,
416 1674 500 1731 idest
512 1675 673 1731 mentaliter
686 1675 868 1749 pronuntiat,
890 1674 1014 1749 aliquod
1029 1672 1111 1732 attri·
1159 1701 1160 1734 2

113 1763 215 1821 butum
236 1763 371 1822 subiecto
392 1762 512 1820 cuidam
533 1763 695 1821 convenire
716 1764 764 1821 vel
785 1782 847 1821 non
869 1763 1044 1822 convenire.

173 1852 254 1911 Huic
274 1852 390 1911 veritati
416 1854 569 1927 perfectae
598 1850 761 1928 opponitur
788 1852 900 1913 falsitas
927 1852 1030 1928 logica
1060 1853 1110 1910 vel
1156 1879 1160 1915 l

113 1960 203 2000 error.
246 1943 416 2001 Intellectus
446 1941 540 2012 enim,
571 1951 717 2016 quatenus
745 1941 926 2016 intellegitur
952 1942 1109 2012 iudicium,
1159 1970 1160 1973 ¹

113 2041 296 2106 potestesse
317 2030 366 2089 vel
387 2030 550 2088 conformis
571 2030 620 2089 vel
640 2048 703 2088 non
724 2030 887 2089 conformis
909 2048 979 2088 cum
999 2049 1035 2089 re
1051 2033 1068 2090 ¹.

184 2192 202 2259 ξ
222 2208 246 2243 2.
278 2196 322 2244 De
340 2194 464 2243 veritatis
482 2195 624 2257 perfectae
643 2194 777 2257 opposito
797 2194 859 2243 sive
877 2196 913 2243 de
933 2209 1036 2245 errore.

172 2317 195 2373 I.
218 2325 307 2375 Notio
328 2333 356 2375 et
373 2309 500 2388 species.v
523 2317 617 2374 Error
638 2316 685 2373 vel
704 2315 815 2373 falsitas
828 2316 929 2391 logica
944 2326 1005 2375 est:
1028 2318 1107 2374 inari
1146 2305 1151 2314 ¹

113 2406 243 2478 aequatio
262 2406 310 2464 vel
326 2405 579 2480 non-conformitas
599 2404 754 2462 intellectas
769 2422 830 2461 cam
843 2422 883 2463 re.
913 2406 992 2464 Cum
1006 2417 1108 2464 autern
1148 2435 1153 2483 r

113 2512 150 2551 ex
170 2493 257 2552 dictis
277 2514 336 2552 vox
356 2494 407 2551 illa
426 2494 594 2553 intellectus
619 2492 822 2568 intellegenda
849 2493 886 2552 sit
912 2494 952 2553 de
984 2495 1107 2565 iudicio,
1152 2518 1160 2572 ¹j

113 2601 196 2641 error
218 2583 306 2641 etiarn
328 2582 445 2641 definiri
465 2592 578 2657 potest:
601 2583 733 2639 indiciam
749 2582 883 2657 defform
896 2602 915 2639 a
929 2601 970 2641 re.
998 2584 1108 2643 Differt
1159 2626 1160 2657 ,

112 2673 151 2729 ab
171 2672 346 2745 ignorantia,
369 2689 446 2746 quae
467 2689 530 2728 non
551 2670 590 2728 ad
604 2670 722 2743 iudicia,
745 2672 798 2729 sed
812 2670 851 2729 ad
865 2671 950 2731 ideas
964 2673 1106 2748 pertinet,

112 2771 142 2819 et
162 2772 207 2820 est
227 2760 407 2837 cognitionis
427 2759 561 2817 carentia
581 2758 620 2818 de
642 2759 741 2835 aliqua
762 2777 803 2819 re.

172 2851 274 2908 Plures
295 2848 479 2924 distinguunt
499 2847 608 2906 erroris
629 2848 754 2923 species,
777 2866 902 2923 quarum
921 2850 1103 2927 praecipuae
1151 2836 1160 2928 l

112 2949 187 3010 sunt,
209 2949 241 2996 ut
262 2938 457 3013 distinguatur
478 2954 562 2995 error
581 2938 720 2995 vineibilis
740 2947 770 2995 θῖ
791 2955 874 2995 error
894 2939 1073 2997 invincibilis.

175 3049 199 3086 1.
222 3030 315 3085 Error
334 3027 471 3084 vincibilis
491 3024 540 3083 ille
560 3035 612 3097 est,
633 3026 695 3100 qui,
717 3024 851 3085 adhibita
864 3025 1024 3102 diligentia
1038 3046 1102 3086 con·
1153 3008 1156 3060 l

111 3128 236 3190 gruente
258 3126 288 3173 et
309 3114 418 3186 debita,
440 3115 553 3189 deponi
574 3124 680 3189 potest.

175 3290 183 3319 ¹
204 3292 243 3339 Cf.
263 3290 371 3338 Mercier
387 3290 404 3337 1.
424 3305 446 3337 c.
465 3307 490 3354 p.
511 3290 570 3351 363.
592 3290 651 3354 364.
