2350 3700
311 131 349 167 DE
368 132 443 167 Ac’tu
464 131 500 167 ET
520 132 558 167 DE
578 131 732 168 POTENTlA.
967 131 1017 180 229

46 288 120 335 notus
142 279 248 352 plures
269 289 336 336 sunt
356 279 431 337 aliae
453 279 583 354 species,
613 279 652 336 de
675 279 781 353 quibus
808 277 839 336 in
860 280 1019 354 anthropo·

46 367 103 440 logia
124 385 229 424 sermo
251 366 313 426 erit.

84 457 189 514 Motus
217 458 360 514 transiens
387 467 431 514 est
459 456 612 514 tendentia
640 455 737 514 activa
763 455 884 514 alicuius
911 456 955 514 rei
980 457 1019 514 ad

44 546 148 601 alterum
171 546 392 620 perficiendum
421 556 519 603 motus
545 564 570 603 e.
601 564 628 620 g.
658 545 734 620 ignis
761 563 870 621 corpus
897 545 1019 620 aliquod

45 633 240 692 calefacientis.

86 725 134 780 Ex
155 733 241 797 parte
262 722 433 780 mutationis
446 742 528 795 vero,
551 741 629 798 quae
644 742 681 782 ex
701 722 868 782 huiusmodi
890 734 971 781 motu
989 725 1020 780 in

44 812 206 886 corporibus
222 811 292 869 oriri
305 823 412 886 potest,
428 811 534 887 triplex
548 811 712 888 generatim
723 812 909 888 distinguitur
924 823 1020 871 motus

42 900 190 959 transiens:
212 901 413 971 mechanicus,
435 902 583 976 physicus,
607 901 758 960 chemicus
771 902 787 959 ¹.

86 993 190 1048 Motus
211 990 386 1047 mechanicus
406 1001 451 1048 est
478 991 630 1049 tendentia
658 991 754 1049 activa
775 989 896 1048 alicuius
918 989 960 1048 rei
981 991 1020 1048 ad

37 1078 187 1137 ¹[tutandas
212 1079 349 1154 corporis
377 1079 530 1137 cuiusdam
557 1081 707 1137 relationes
728 1080 833 1137 locales.
877 1079 957 1136 Talis
978 1090 1022 1136 est

37 1164 56 1226 e.
70 1187 103 1242 g.
125 1177 226 1225 motus
246 1167 362 1243 lapidis,
385 1168 456 1225 dum
478 1187 533 1244 per
552 1175 653 1226 aerem
674 1167 824 1242 proicitur.

37 1290 38 1321 ;
83 1259 190 1314 Motus
212 1257 347 1331 physicus
376 1267 421 1315 est
450 1256 604 1315 tendentia
631 1256 727 1314 activa
756 1255 878 1314 alicuius
908 1256 950 1314 rei
981 1255 1019 1313 ad

37 1328 186 1420 inutandas
205 1347 357 1420 qualitates
376 1355 532 1421 corporeas,
555 1345 727 1420 incorrupta
745 1356 885 1403 manente
906 1355 1019 1402 natura.

37 1436 107 1506 ielis
138 1446 185 1494 est
216 1452 242 1492 e.
268 1453 296 1510 g.
328 1446 426 1494 motus
456 1435 591 1510 corporis
622 1435 775 1492 cuiusdam
806 1433 886 1492 aliud
916 1433 1020 1506 calefa-

37 1508 129 1582 ieritis.

37 1622 38 1688 j
85 1617 192 1673 Motus
222 1615 354 1670 chemicus
382 1623 426 1672 est
455 1613 609 1671 tendentia
636 1614 732 1670 activa
759 1612 880 1670 alicuius
908 1611 951 1670 rei
981 1611 1020 1670 ad

37 1693 158 1778 ‘corpora
185 1702 217 1759 in
245 1701 349 1760 intima
376 1710 485 1760 uentura
513 1703 705 1771 immutanda,
734 1702 882 1760 elementa
908 1700 1020 1759 scilicet

37 1791 194 1850 dividendo
216 1803 245 1850 et
266 1791 343 1849 inter
363 1810 396 1850 se
418 1792 630 1849 combinando
666 1790 747 1849 Talis
769 1801 813 1848 est
834 1808 859 1849 e.
876 1809 903 1865 g.
924 1801 1020 1847 motus

36 1900 132 1956 aquae,
156 1902 226 1939 cum
247 1883 302 1939 sub
323 1881 434 1939 influxu
456 1880 529 1939 alius
550 1882 684 1957 corporis
706 1881 737 1937 in
758 1880 974 1956 hydrogenium
989 1890 1018 1938 et

37 1969 210 2045 orygenium
231 1971 465 2028 transformatur.

37 2165 38 2173 ,
85 2122 123 2177 ΙΙ.
149 2130 194 2177 De
212 2128 351 2192 principio
371 2136 476 2177 motus.
505 2121 540 2176 In
555 2118 619 2194 ipsa
633 2119 756 2176 notione
771 2128 866 2175 motus
882 2117 1019 2175 fundatur

36 2208 210 2284 principium
231 2209 383 2283 quoddam
408 2206 574 2283 logicum¹,
604 2208 686 2282 quod
707 2206 814 2265 dicitur
840 2206 1018 2281 principium

36 2310 130 2356 notus.
183 2298 389 2355 Communiter
416 2296 459 2354 sic
487 2298 672 2355 enuntiatur:
711 2296 860 2371 Quidquid
883 2303 1017 2364 intruetur,

36 2389 141 2445 ebuliu
163 2393 298 2443 eruetur.

82 2476 193 2533 Sensus
220 2474 304 2532 huius
333 2474 473 2550 principii
501 2485 560 2533 est:
591 2474 670 2532 Nihil
699 2474 802 2532 transit
822 2474 860 2532 de
887 2474 1019 2549 potentia

36 2566 62 2623 1d
82 2576 186 2623 actum
214 2562 272 2620 nisi
299 2565 353 2622 sub
374 2564 484 2622 influxu
506 2563 582 2622 entis
609 2564 698 2634 aliuS,
727 2564 809 2638 quod
837 2563 896 2620 iam
924 2564 960 2621 sit
987 2564 1018 2619 in

36 2667 106 2725 ictu,
138 2654 158 2713 i.
181 2672 208 2711 e.
232 2653 315 2727 quod
340 2654 400 2711 iam
421 2653 573 2729 possideat
598 2653 812 2728 perfectionem
833 2653 871 2710 ab
893 2653 951 2710 alio
973 2672 1019 2710 ac·

37 2744 217 2817 quirendam.

85 2920 93 2949 ¹
112 2920 275 2969 Divisionem
300 2920 453 2969 desumimus
478 2937 509 2969 ex
526 2928 602 2986 pauiu
620 2923 762 2970 mutationis
775 2921 922 2985 productae,
949 2922 1019 2987 quid-

36 3002 82 3063 luid
109 3009 152 3049 est
178 3001 211 3049 de
238 3000 294 3063 ipsa
319 3008 409 3049 natura
434 3002 538 3059 virium,
565 3017 596 3048 ex
622 3000 713 3064 quibus
732 3009 814 3049 motus
833 3001 869 3049 illi
896 3002 1017 3051 oriuntur.

36 3078 112 3141 Qualis
133 3080 202 3129 enim
221 3080 254 3128 sit
273 3080 360 3127 harum
379 3081 468 3128 virium
487 3090 583 3140 natura,
605 3080 673 3145 apud
692 3082 760 3145 ipsos
779 3081 852 3129 huius
870 3082 907 3130 rei
926 3082 1019 3146 peritos

36 3176 73 3207 ton
99 3160 164 3209 satis
190 3168 298 3208 constat.
336 3160 429 3225 Cogita
454 3176 476 3208 e.
497 3177 522 3225 g.
549 3161 581 3208 de
607 3161 785 3219 electricitate,
813 3177 862 3223 qua
889 3170 938 3209 tres
964 3161 1019 3209 illas

36 3238 138 3289 tiversas
157 3239 311 3288 mutationes
330 3239 438 3304 produci
457 3256 534 3305 posse
553 3255 641 3286 omnes
661 3248 761 3287 norunt.

84 3317 95 3349 ²
115 3320 157 3369 Cf.
179 3335 257 3383 supra
275 3335 301 3382 p.
322 3314 382 3383 215¹.
