2350 3700
133 140 182 189 144
510 136 742 179 crrrrmotoom.

130 288 307 359 habeamus,
337 287 390 345 sed
418 285 489 361 quia
515 285 686 345 necessaria
713 284 856 343 habitudo
885 281 1060 360 praedicati
1087 280 1122 338 ad
1152 319 1153 322 κ

131 376 296 435 subiectum
323 393 360 434 ex
387 385 544 452 perspecta
565 376 673 433 horum
699 373 895 433 terminorum
915 372 1048 431 notione
1069 369 1123 429 evi-

131 465 238 525 denter
258 463 346 524 nobis
367 474 492 541 apparet
513 459 552 540 (p.
579 458 656 539 120).

190 557 266 613 Item
305 563 410 612 contra
443 554 596 611 kantonas
635 570 740 612 omnes
778 552 931 611 statuimus
965 568 1034 610 non
1070 548 1123 607 nisi
1154 619 1156 632 ζ

132 644 291 703 arbitrario
311 652 341 703 et
361 642 482 701 absurde
499 641 643 702 contendi
657 642 917 719 pronuntiationes
930 641 997 699 illas
1012 639 1125 698 intelle
1154 637 1155 652 ³

132 732 250 809 gentiae
280 751 372 792 caeca
401 732 532 808 quadam
559 732 691 808 synthesi
720 732 784 791 fieri
811 727 851 807 (p.
877 750 932 805 103
956 724 1024 805 sq.).
1069 729 1125 786 Re-

132 823 259 881 flexione
281 832 379 880 autem
401 821 465 881 sine
486 821 583 881 studio
605 821 698 897 partis
717 820 864 891 instituta,
893 820 974 878 clare
993 819 1125 877 vidimus
1155 865 1156 874 ,

132 911 341 971 necessitatem
367 928 503 969 assensus
533 910 610 969 firmi
639 909 711 969 oriri
740 910 772 968 in
801 918 902 968 mente
929 910 984 967 sub
1012 907 1126 966 influxu

133 1000 301 1060 evidentiae
322 999 489 1059 obiectivae
510 999 604 1058 menti
617 1016 682 1059 sese
696 998 911 1058 manifestantis
926 994 967 1074 (p.
985 1016 1043 1071 113
1059 990 1125 1071 sq.).

194 1092 258 1149 Iam
279 1107 351 1149 vero
372 1088 411 1148 ad
426 1088 631 1165 cognitionem
645 1088 726 1147 illam
746 1087 786 1147 de
806 1088 909 1147 valore
924 1087 1031 1146 horum
1053 1085 1127 1144 iudi·

133 1178 247 1238 ciorum
262 1177 477 1255 perficiendam
496 1187 638 1253 superest,
659 1188 700 1249 ut,
722 1176 884 1237 reflexione
897 1177 970 1236 item
983 1175 1123 1245 instimta,

134 1268 325 1343 inquiramus,
340 1268 434 1343 qualis
454 1268 490 1327 sit
504 1267 622 1326 realitas
636 1266 695 1338 illa,
717 1285 807 1343 quam
821 1266 896 1326 ideis
910 1265 1124 1325 universalibus

133 1357 295 1417 tribuimus.
317 1355 476 1415 Phantasia
486 1356 575 1428 enirn,
591 1358 648 1432 hac
658 1357 747 1415 etiam
757 1356 841 1427 inre,
855 1355 1011 1414 nonnullis
1024 1371 1123 1430 saepe·

135 1464 261 1505 numero
282 1445 402 1505 errandi
423 1445 615 1505 occasionem
636 1445 781 1523 praebuit.

198 1534 330 1594 Breviter
339 1544 440 1594 tamen
451 1536 490 1594 de
500 1536 558 1593 hac
572 1554 605 1594 re
620 1534 727 1594 dicturi
740 1553 849 1607 sumus,
864 1534 996 1610 singulas
1011 1542 1125 1592 senten·

136 1624 192 1683 tias
212 1624 315 1700 paucis
335 1623 496 1684 referendo
518 1634 548 1683 et
568 1623 789 1683 diiudicando¹.

197 1713 368 1772 Sententiae
397 1712 467 1771 illae
502 1731 608 1772 omnes
642 1714 683 1773 ad
716 1713 790 1772 duas
819 1714 956 1773 revocari
986 1721 1124 1789 possunt:

136 1804 361 1862 nominalismum
393 1813 423 1863 et
457 1804 626 1862 realismum.
676 1802 909 1863 Nominalismus
945 1813 1045 1862 autem
1082 1811 1126 1861 est

136 1893 184 1952 vel
211 1892 436 1951 nominalismus
448 1901 543 1969 purus
563 1895 611 1951 vel
631 1893 856 1952 nominalismus
869 1893 1052 1962 moderator,
1075 1891 1124 1967 qui

136 1980 244 2040 dicitur
273 1982 363 2041 etiam
391 1981 669 2058 conceptualismus.
717 1982 885 2042 Realismus
912 1999 985 2041 vero
1014 1991 1058 2041 est
1080 1983 1126 2040 vel

137 2078 326 2144 exaggeratus
345 2072 394 2129 vel
407 2072 587 2130 moderatior.
629 2070 673 2130 Sit
693 2087 783 2148 ergo:

198 2170 220 2226 Ι.
236 2169 286 2226 Dc
295 2171 390 2227 nomin
410 2170 497 2227 lzsme.
509 2169 784 2229 -Nominalzsmus
797 2179 842 2229 est
851 2168 999 2228 sententia
1013 2186 1125 2240 eorum,

140 2257 191 2332 qui
212 2258 390 2316 universalia
410 2277 486 2316 voces
506 2276 571 2317 esse
592 2258 738 2318 dixerunt.

197 2348 237 2404 Et
257 2345 472 2406 recentioribus
487 2346 609 2422 quidem
623 2349 808 2425 temporibus
822 2348 930 2408 scimus
950 2347 1124 2424 empiristas,

137 2435 339 2508 sensualistas,
369 2435 547 2512 positivistas
576 2433 617 2514 (p.
649 2432 716 2513 117)
744 2439 823 2497 hanc
852 2437 1032 2497 sententiam
1060 2455 1127 2514 pro

136 2541 293 2601 pugnasse,
314 2536 346 2584 ut
366 2525 570 2602 cognitionem
583 2545 706 2586 omnem
724 2527 953 2586 intellectualem
967 2527 1016 2586 vel
1036 2537 1127 2586 meta·

135 2613 290 2690 physicam
310 2615 465 2674 reicerent.

197 2703 301 2762 Medio
314 2721 386 2762 vero
400 2721 476 2763 aevo
486 2704 537 2780 qui
546 2705 754 2765 nominalistae
768 2705 841 2764 dieti
855 2716 922 2764 sunt
931 2700 1125 2780 (Roscellimm

136 2809 214 2850 saec.
237 2786 290 2868 xr),
312 2811 375 2850 non
396 2792 504 2852 eodem
526 2795 638 2853 motivo
658 2793 740 2853 ducti
753 2794 931 2854 universalia
948 2812 1040 2854 voces
1061 2812 1127 2853 esse

200 3001 208 3032 ¹
228 3004 431 3054 Controversiam
451 3006 518 3056 circa
542 3006 708 3069 universalia,
737 3008 819 3073 qualis
837 3007 921 3057 medio
946 3022 1010 3056 aevo
1035 3007 1125 3071 viguit,

137 3081 257 3133 historice
275 3085 416 3148 expositam
435 3085 549 3136 invenies
568 3089 637 3152 apud
654 3089 753 3149 Bn'c'ck,
780 3086 918 3138 Lehrbuch
936 3088 982 3136 der
1000 3087 1125 3136 Kirchen-

138 3161 285 3222 geschichte
313 3159 330 3225 ἐ
353 3176 401 3225 139
428 3161 482 3228 (ed.
504 3174 517 3226 7
543 3182 569 3229 p.
592 3164 662 3230 506).
699 3168 751 3230 Qui
775 3169 849 3233 plura
874 3169 906 3216 de
930 3167 980 3217 hac
1007 3183 1035 3216 re
1061 3168 1125 3216 desi-

138 3237 224 3297 derat,
251 3240 315 3288 inter
333 3241 396 3290 alios
416 3244 486 3292 adire
511 3254 610 3308 potest:
638 3247 747 3297 Μιναίαν
770 3248 788 3297 l.
812 3265 834 3299 c.
861 3265 887 3312 p.
907 3246 956 3296 281
978 3263 1016 3312 sq.
1050 3248 1126 3296 Pesch

25 3359 48 3371 m
139 3315 154 3363 l·
175 3331 197 3363 c·
217 3333 243 3378 p.
266 3327 313 3379 177
333 3335 369 3382 sq.
402 3322 510 3371 Frickl.
531 3341 552 3373 c.
572 3342 598 3388 p.
619 3335 668 3387 217
689 3344 725 3390 sq.
