2350 3700
409 158 449 193 DE
467 157 641 194 RELATIONE.
971 159 1018 208 291

92 298 119 378 a)
144 305 212 362 «Ibi
226 306 311 362 adest
324 305 474 364 distin'ctio
488 305 575 363 realis
594 300 708 381 (saltem
722 305 815 363 infimi
829 300 958 381 gradus),
974 307 1024 364 ubi

40 392 139 450 adsunt
160 394 309 464 entitates,
331 413 455 469 quarum
477 413 536 452 una
557 405 683 452 nonest
704 394 769 452 alia.
805 394 898 469 Atqui
919 395 1025 453 entitas

39 482 183 539 relationis
206 493 335 540 nonest
363 484 468 541 entitas
490 482 693 554 fundamenti,
725 482 749 541 si
770 482 891 557 quidem
918 484 1024 542 entitas

40 570 221 629 fundamenti
249 582 293 629 est
320 571 433 646 aliquid
460 572 490 628 in
512 590 544 629 se
566 572 744 643 absolutum,
773 589 890 647 ponens
911 572 1024 647 aliquid

41 660 201 718 absolutum
221 660 253 717 in
274 660 450 732 substantia,
479 660 551 718 dum
572 660 678 719 entitas
699 660 850 719 relationis
871 671 915 720 est
936 680 1025 738 purus

41 750 108 807 ordo
128 767 183 808 seu
204 759 356 825 respectus
376 749 416 807 ad
437 748 525 809 aliud.
561 752 642 825 Ergo
661 750 766 809 relatio
788 761 817 809 et
839 750 901 809 eius
923 751 1025 810 funda-

41 850 167 897 mentum
189 838 309 897 realiter
329 838 555 914 distinguuntur.

93 923 122 1002 b)
142 928 278 987 ‹Entitas
288 927 438 986 relationis
448 927 635 1003 distinguitur
649 928 687 986 ab
697 927 818 986 entitate
829 928 1024 1000 fundamenti,

41 1017 61 1075 si
80 1018 187 1075 relatio
209 1016 293 1076 addit
312 1035 423 1075 novum
444 1035 509 1075 esse
536 1035 627 1092 supra
653 1034 717 1076 esse
739 1018 933 1075 fundamenti.
975 1018 1026 1075 At·
1080 1081 1084 1090 ,

27 1106 86 1180 ,qui
104 1106 212 1165 relatio
233 1106 318 1164 addit
337 1125 449 1165 novum
464 1124 527 1165 esse
547 1124 636 1182 supra
651 1124 714 1165 esse
736 1106 929 1178 fundamenti,
952 1106 1025 1165 scili·

27 1203 82 1262 {cet
108 1214 175 1254 esse
204 1195 243 1253 ad
271 1195 396 1271 aliquid,
426 1195 508 1272 quod
536 1206 617 1254 certe
638 1195 809 1254 distinctum
837 1207 880 1254 est
901 1196 939 1254 ab
960 1214 1025 1255 esse

27 1271 189 1357 {entitativo
204 1284 409 1359 fundamenti,
429 1304 457 1343 v.
472 1303 499 1359 g.
522 1302 586 1343 esse
602 1284 696 1343 simile
716 1295 760 1343 est
774 1296 855 1344 certe
876 1285 1025 1344 diversum

27 1376 73 1434 ab
92 1373 252 1444 albedine,
281 1393 359 1450 quae
383 1384 428 1432 est
447 1373 674 1432 fundamentum
695 1373 901 1433 similitudinis,
944 1376 1025 1450 Ergo

27 1481 98 1550 ,esse
118 1462 274 1521 relationis
295 1480 366 1521 vere
387 1463 575 1538 distinguitur
596 1464 634 1521 ab
656 1481 720 1522 esse
742 1463 954 1522 fundamenti.»
971 1466 978 1497 ¹

27 1555 28 1626 ἶ
97 1583 122 1620 2.
147 1561 217 1633 Alii,
239 1561 316 1619 inter
330 1580 405 1637 qnos
422 1561 564 1638 princeps
578 1562 737 1633 SuaresiuS,
759 1581 822 1620 non
836 1562 894 1621 nisi
907 1562 1025 1621 distinc-

42 1650 149 1709 tionem
175 1650 298 1709 rationis
324 1669 393 1709 cum
420 1651 616 1709 fundamento
644 1650 674 1708 in
701 1670 734 1709 re
763 1651 928 1711 admittunt.
976 1651 1026 1710 Sic

43 1751 133 1799 autem
169 1750 425 1815 argumentantur:
464 1740 513 1798 «Si
547 1740 651 1799 relatio
694 1760 712 1799 a
741 1758 794 1799 suo
830 1742 1024 1800 fundamento

44 1829 154 1889 realiter
187 1830 431 1906 distingueretur,
462 1829 550 1905 eique
580 1829 766 1890 inhaerendo
802 1830 914 1907 aliquid
944 1832 1024 1890 reale

44 1920 170 1990 afferret,
201 1920 334 1978 accessio
363 1921 411 1978 vel
438 1919 581 1979 discessio
612 1920 674 1978 eius
704 1938 895 1996 nequaquam
924 1929 1025 1997 posset

27 2040 28 2045 κ
45 2026 101 2066 esse
121 2008 185 2067 sine
213 2008 375 2068 mutatione
397 2009 470 2068 reali
484 2008 617 2081 subiecti,
639 2011 678 2069 de
699 2029 760 2086 quo
781 2010 895 2069 dicitur.
932 2009 1025 2086 Atqui

27 2126 28 2129 ¹
46 2098 170 2156 accessio
190 2100 238 2157 vel
259 2097 399 2157 discessio
421 2099 483 2157 eius
505 2098 633 2157 estsine
660 2098 712 2157 tali
732 2099 902 2158 mutatione.
945 2101 1026 2174 Ergo

46 2187 141 2246 relatio
162 2186 441 2263 praedicamentalis
460 2207 523 2247 non
544 2197 589 2246 est
609 2188 721 2264 aliquid
743 2189 914 2247 distinctum
935 2208 952 2246 a
973 2207 1026 2247 suo

44 2274 260 2335 fundamento.»
274 2278 285 2310 ¹

97 2376 135 2432 Π.
167 2377 214 2433 De
242 2383 331 2433 mente
359 2394 427 2434 vcro
447 2375 476 2433 S.
498 2376 635 2434 Doctorz's
659 2376 717 2434 hac
744 2376 775 2434 in
796 2395 829 2434 re
850 2376 1026 2452 interpretes

27 2482 100 2521 ¹non
126 2464 324 2536 conveniunt,
355 2465 496 2540 «quidam
517 2466 613 2537 enim,
636 2465 750 2524 litterae
772 2467 848 2524 forte
869 2465 957 2524 nimis
979 2466 1027 2524 ad-

26 2552 124 2623 ·dicti,
153 2571 222 2612 eum
243 2555 355 2613 realem
375 2554 598 2614 distinctionem
619 2565 734 2628 tenere,
757 2555 807 2613 alii
827 2572 938 2630 negare
960 2572 1026 2630 pro·

46 2642 173 2717 fitentur,
187 2642 237 2701 alii
251 2643 381 2715 demum,
399 2643 471 2718 quid
485 2645 611 2703 senserit
624 2647 661 2703 D.
677 2645 818 2714 Thomas,
834 2655 865 2702 ut
878 2645 1025 2703 incertum

47 2730 228 2808 relinquunt»
240 2732 260 2791 ⁸.
309 2735 345 2791 In
379 2753 391 2790 1
428 2751 500 2791 vero
531 2735 612 2792 Sent.
642 2733 708 2792 dist.
739 2737 789 2806 26,
826 2753 855 2809 q.
889 2755 919 2805 2,
949 2754 975 2793 a.
1009 2754 1023 2791 2

47 2820 119 2894 ad3
148 2822 225 2880 haec
245 2822 352 2880 habet:
386 2822 556 2881 «Relationi
578 2840 615 2881 ex
635 2823 707 2895 hoc,
737 2823 819 2898 quod
843 2824 882 2882 ad
903 2824 1026 2881 alterum

47 2909 159 2981 dicitur,
188 2930 251 2969 non
272 2911 414 2983 debetur,
444 2912 526 2986 qnod
547 2913 583 2970 sit
605 2930 652 2970 res
674 2913 839 2987 quaedam,
862 2921 1027 2969 esttamen

46 3016 88 3056 res
114 3000 226 3076 aliqua,
255 3001 419 3060 secundum
447 3002 529 3077 quod
557 3001 649 3060 habet
677 3001 902 3060 fundamentum
926 3000 956 3058 in
979 3019 1024 3070 eo,

47 3088 124 3162 quod
143 3091 294 3148 refertur.»

104 3276 113 3307 ¹
130 3281 266 3346 Dupeyrat,
286 3282 450 3330 Manuductio
469 3283 502 3329 ad
521 3281 600 3331 schol.
621 3280 712 3344 philos.
733 3281 752 3341 1,
774 3290 833 3342 317.

104 3356 217 3423 ²Lepidi
233 3363 249 3410 l.
269 3377 290 3410 c.
310 3363 331 3422 1,
352 3373 411 3423 ²32·
485 3361 576 3410 ³1bid.
597 3361 617 3420 I,
639 3373 698 3422 233,
718 3369 771 3409 not.

809 3447 863 3506 19*
