2350 3700
354 178 373 215 N
376 178 444 216 OTIO
461 180 604 217 TEMPORIS
624 180 796 217 EVOLVITUR.
1018 181 1068 231 343

75 319 161 400 siva).
206 326 300 401 Spatii
320 337 419 401 partes
439 344 499 384 una
520 327 692 399 exsistunt,-
705 328 848 405 temporis
869 347 941 388 vero
969 339 1069 403 partes

77 414 156 473 aliae
177 425 247 491 post
266 415 339 474 alias
359 415 558 474 exsistentiam
581 416 745 491 acquirunt.
778 417 879 490 Quare
898 418 1069 493 philosophi

9 497 14 570 Ϊ
78 504 192 562 docent
213 504 403 564 diffusionem
425 506 552 581 partium
573 505 717 581 temporis
746 506 885 565 constitui
906 515 963 582 per
983 510 1070 583 prim

77 601 106 650 et
118 595 271 670 posterius.

139 694 174 749 In
197 692 340 767 temporis
368 691 526 751 diffusione
552 693 680 769 partium
708 695 764 752 tria
791 694 939 753 elementa
969 695 1070 753 distin·

80 793 224 855 guuntur:
255 781 461 856 praeteritum,
492 783 637 853 futurum,
667 801 824 858 praesenS,
853 784 936 857 quod
963 783 1070 841 dicitur

11 876 13 879 ’
80 870 170 929 etiam
191 889 273 927 nunc
293 872 341 929 vel
361 871 482 930 instans.
511 873 565 929 Est
585 881 685 930 autem
706 872 779 930 illud
799 892 874 929 nunc
893 890 1012 948 prorsus
1029 872 1070 930 in·
1159 898 1160 901 ¹

9 969 16 1014 t
80 959 238 1018 divisibile.
260 960 389 1030 Etenim,
405 960 429 1018 si
441 960 535 1019 dividi
542 971 652 1036 posset,
668 960 761 1020 dividi
770 962 896 1020 deberet
906 962 1069 1020 secundum

11 1042 13 1045 ’
79 1049 160 1125 prius
182 1059 213 1106 et
232 1049 393 1124 posterius3
414 1048 446 1106 in
466 1050 616 1124 praesenti
638 1060 737 1109 autem
757 1070 837 1109 nunc
854 1070 917 1108 non
932 1061 976 1109 est
989 1050 1069 1126 prius

13 1213 15 1220 Ι
80 1157 139 1197 nec
159 1138 315 1213 posterius.
357 1140 493 1214 Apparet
514 1157 587 1214 ergo
609 1148 726 1215 tempus
746 1157 809 1197 non
830 1158 895 1198 esse
916 1140 972 1198 nisi
1000 1159 1070 1198 con·

80 1228 279 1285 tinuationem
299 1238 404 1287 motus.
446 1227 507 1287 Ubi
535 1238 648 1299 motin,
677 1229 719 1287 ibi
740 1240 872 1305 tempus3
903 1230 966 1288 sine
987 1239 1069 1287 motu

80 1328 181 1375 autem
202 1326 319 1392 tempus
339 1336 402 1375 non
424 1316 600 1392 concipitur.

140 1417 239 1473 Recte
266 1414 394 1490 proinde
424 1426 540 1490 tempus
570 1413 688 1474 definiri
718 1425 830 1491 potest:
869 1418 992 1473 extenuo
1026 1417 1073 1475 uel

79 1505 209 1578 diffusio,
231 1523 267 1561 ex
287 1523 344 1562 non
363 1506 524 1579 interrupta
544 1506 616 1561 serie
635 1507 832 1562 successionum
852 1512 957 1574 motus,
979 1524 1069 1563 secun·

79 1595 148 1651 dum
173 1595 257 1668 prius
284 1601 311 1650 et
331 1594 472 1668 posterius
498 1595 663 1662 constituta,
692 1595 868 1651 comideratu
895 1602 928 1651 ut
951 1602 1069 1669 recepta-

80 1683 174 1739 mlum
194 1683 242 1740 uel
258 1700 390 1740 mensura
409 1684 613 1739 successionum.
653 1682 781 1740 Sumitur
801 1700 873 1741 vero
893 1701 952 1741 vox
973 1692 1070 1740 motus

81 1789 171 1830 sensu
192 1771 308 1842 stricta,
331 1772 450 1846 qualem
471 1770 568 1845 ipsum
588 1770 619 1827 in
641 1771 795 1846 ontologia
817 1766 858 1847 (p.
882 1766 950 1846 228)
972 1771 1070 1830 decla·

81 1880 220 1920 ravimus

145 1980 182 2036 ΙΙ.
205 1988 247 2034 Ex
260 1985 469 2047 comparatione
483 1986 545 2035 eius
558 1999 624 2035 cum
637 1985 699 2036 aliis
713 1986 915 2035 durationibus.
937 1978 1069 2051 Tempus

83 2068 126 2125 sic
143 2067 262 2141 proprie
282 2075 429 2141 sumptum
456 2064 643 2140 distinguitur
670 2066 708 2123 ab
736 2065 909 2124 aeternitate
938 2076 967 2123 et
994 2083 1069 2123 aevo

10 2152 11 2155 ’
82 2149 319 2229 (aeviternitate).
348 2157 488 2229 Tempus
508 2172 623 2222 aevum,
640 2154 798 2212 aeternitas
813 2154 995 2213 conveniunt
1009 2153 1070 2228 qui·

81 2245 154 2302 dem
175 2243 207 2301 in
228 2263 278 2315 eo,
311 2243 393 2318 quod
417 2243 474 2301 tria
494 2243 570 2301 haec
592 2243 760 2318 significant
780 2244 958 2302 durationem
980 2261 1070 2316 quan·

82 2335 170 2404 dam,
192 2333 211 2390 i.
233 2352 259 2392 e.
277 2333 503 2408 permanentiam
523 2335 568 2390 rei
585 2334 616 2389 in
638 2351 700 2390 esse.
744 2333 891 2390 Differunt
912 2343 1012 2389 tamen
1034 2349 1070 2389 ex

80 2433 167 2499 parte
189 2421 431 2480 immutabilitatis
452 2421 543 2496 ipsius
563 2421 648 2479 huius
669 2421 902 2497 permanentiae.

147 2543 171 2580 1.
195 2521 281 2594 Quae
303 2520 471 2579 differentia
491 2521 618 2578 maxime
641 2532 773 2595 apparet,
796 2521 819 2578 si
840 2520 987 2576 subiectum
1002 2538 1070 2577 con·

81 2611 263 2680 sideramuS,
294 2609 377 2684 quod
404 2609 585 2668 immutabile
614 2619 785 2684 permanet,
816 2609 863 2665 vel
893 2609 924 2665 in
951 2626 1011 2683 quo
1039 2609 1070 2665 fit

82 2699 215 2758 mutatio.

142 2799 310 2854 Aeternitas
329 2795 410 2855 enim
430 2807 474 2854 est
494 2795 612 2854 duratio
633 2796 721 2867 entis,
745 2794 827 2870 quod
848 2794 958 2853 exsistit
978 2794 1070 2852 modo

81 2886 309 2964 perfectissimo,
331 2887 395 2945 sine
417 2896 491 2956 ortu,
513 2885 577 2943 sine
599 2885 726 2955 interitu,
748 2886 807 2942 sine
827 2884 887 2940 ulla
908 2885 1069 2952 mutatione,

81 2978 162 3036 idem
184 2976 309 3034 omnino
330 2977 362 3033 in
383 2993 414 3034 se
443 2992 621 3050 permanens
648 2974 704 3044 ita,
732 2984 764 3032 ut
791 2984 872 3031 recte
899 2973 1068 3032 definiatur:

10 3050 13 3059 ’
80 3067 197 3124 duratio
217 3068 264 3123 rei
285 3067 397 3122 omnim
423 3065 618 3132 invariabilis,
647 3063 694 3120 vel
723 3081 790 3120 cum
811 3060 931 3119 Boetio:
967 3061 1070 3118 «inter-

80 3154 231 3214 minabilis
252 3155 329 3213 vitae
350 3163 412 3212 tota
433 3153 519 3211 simul
540 3161 570 3211 et
591 3153 724 3227 perfecta
744 3149 910 3226 possessio»
928 3152 944 3207 ¹.

142 3368 151 3400 ¹
170 3370 213 3418 De
233 3367 329 3417 consol.
349 3366 365 3413 l.
384 3365 416 3423 V,
437 3381 458 3414 c.
478 3364 502 3412 6.
