2350 3700
130 130 179 179 108
501 141 734 179 cxmnxronocm.

126 290 261 361 solutum,
283 290 367 366 quod
380 309 443 348 non
458 290 517 348 iam
538 291 632 367 possit
645 290 683 348 de
698 289 757 347 alio
778 288 913 347 subiecto
933 284 1127 364 praedicari,

125 388 156 437 et
175 379 251 438 haec
272 390 317 438 est
336 380 400 437 idea
419 398 468 453 ega
489 397 541 438 seu
561 380 625 437 idea
642 379 840 455 psychalagica.

184 462 216 543 b)
230 468 448 527 «Ratiociuium
458 469 669 544 hypotheticam,
679 466 814 526 innixum
824 466 1000 541 categoriae
1011 482 1128 524 causae

125 565 155 615 et
168 557 305 628 effectus,
334 557 416 615 ducit
438 558 477 616 ad
505 557 604 617 ideam
634 557 787 615 absolutae
818 556 974 615 cuiusdam
1006 556 1128 631 depen·
1156 584 1164 684 1

124 645 242 705 dentiae
264 646 397 705 omnium
411 647 602 722 singularium
623 665 642 704 a
660 647 803 704 totalitate
824 646 964 720 quadam,
989 654 1022 703 et
1045 646 1127 702 haec

124 746 169 793 est
188 736 252 793 idea
272 737 371 794 azuadi
389 751 436 793 sea
457 737 521 793 idea
541 737 725 809 ramsolam.
1158 699 1165 809 i

184 818 212 899 c)
226 823 1127 899 «Ratiociniumdisianctivum,innixumeategoriaeactionis
1161 818 1165 837 ⁴

123 924 250 984 mutuae,
272 914 354 973 ducit
374 915 413 973 ad
428 914 526 973 ideam
542 915 694 973 absolutae
708 914 831 972 alicuius
844 913 962 972 unitatis
978 913 1126 971 omnium

123 1003 288 1061 realitatum
308 1014 338 1063 et
352 1003 571 1079 perfectionum
586 999 718 1078 (,Wesen
739 1004 813 1061 aller
826 998 965 1077 Wesen‘),
990 1012 1023 1061 et
1039 1004 1125 1061 haec

123 1102 167 1151 est
188 1092 257 1151 idea
278 1094 335 1151 Dei
357 1111 408 1152 seu
429 1093 497 1152 idea
517 1093 739 1169 theologica.»¹

183 1182 270 1256 Quae
298 1192 357 1241 tres
384 1183 486 1253 ideae,
515 1202 584 1241 cum
605 1201 643 1241 ex
663 1181 819 1240 elementis
845 1199 920 1258 pure
941 1182 1122 1240 subiectivis

122 1271 345 1344 constituantur,
356 1272 563 1331 nihilomnino
574 1271 723 1343 exhibent,
735 1270 818 1347 quod
827 1270 859 1328 in
869 1289 968 1329 rerum
976 1273 1121 1329 realitate

122 1368 206 1417 extra
226 1368 342 1418 aientem
363 1362 489 1420 exsistat.
525 1363 597 1420 Hoc
617 1360 738 1419 unicum
759 1379 863 1419 eorum
877 1378 983 1419 munus
1006 1371 1062 1431 est,
1086 1368 1123 1417 ut

121 1457 238 1507 mentem
251 1452 282 1507 in
296 1452 491 1509 ratiocinando
505 1460 637 1522 dirigant:
652 1460 720 1508 sunt
733 1452 767 1508 id
775 1470 830 1525 qao
845 1450 988 1525 cognosci
1002 1459 1119 1525 potest,
1168 1486 1170 1490 -

122 1538 264 1597 rationari
284 1550 390 1614 potest,
413 1539 490 1597 infra
510 1539 617 1598 limites
639 1539 856 1615 experientiae,
879 1558 940 1597 non
961 1548 1066 1597 autem
1087 1540 1123 1596 id

121 1629 199 1702 qaod
216 1629 357 1703 cognosci
378 1629 470 1704 possit
486 1638 517 1688 et
531 1630 572 1689 ad
584 1628 667 1704 quod
682 1629 822 1687 concludi
835 1628 936 1704 possit,
959 1638 1046 1687 extra
1060 1630 1118 1686 hos
1168 1635 1170 1688 Ι

121 1716 236 1789 limites,
259 1717 291 1774 in
312 1718 417 1777 ordine
438 1718 713 1777 transcendentium
733 1719 781 1776 vel
801 1736 1033 1776 noumenorum.

180 1808 234 1866 Est
255 1806 393 1882 quidem,
423 1807 586 1867 secundum
607 1807 767 1879 Kantium‚
795 1806 827 1865 in
851 1806 940 1866 nobis
964 1808 1113 1867 naturalis

120 1897 269 1971 quaedam
291 1906 320 1955 et
339 1897 509 1956 necessaria
529 1897 691 1968 inclinatio,
716 1917 776 1972 qua
796 1897 1004 1956 inevitabiliter
1028 1893 1113 1973 (tun
1167 1974 1168 1977 Ἴ

119 1981 385 2061 hintertreiblich»)
396 1987 572 2045 adducimur
582 1986 621 2045 ad
631 1986 817 2045 adhibendas
830 1988 942 2045 formas
951 1987 1018 2045 illas
1034 1989 1113 2044 ultra

1164 1782 1170 1919 l

120 2074 225 2134 limites
240 2075 441 2152 experientiae
456 2075 697 2135 circanoumena
711 2076 786 2134 etin
801 2077 900 2152 specie
915 2075 998 2134 circa
1011 2076 1112 2152 ipsam
1165 2090 1170 2158 3

119 2174 254 2222 naturam
265 2165 391 2237 animae,
402 2165 514 2236 mundi,
526 2166 594 2236 Dei,
605 2165 857 2240 cognoscendam.
877 2166 937 2224 Sed
947 2175 1021 2224 tunc
1030 2185 1112 2224 vana
1168 2178 1170 2213 Ρ

122 2254 314 2329 «apparentia
341 2254 611 2313 transcendentali»
637 2250 944 2328 (stranscendentaler
964 2251 1112 2329 Schein»)
1168 2332 1170 2341 Ι

118 2361 273 2402 movemur
293 2353 323 2402 et
343 2343 479 2402 illusione
507 2343 761 2402 transcendentali
782 2343 958 2402 detinemur.
1001 2346 1050 2402 Ex
1072 2363 1110 2403 eo

117 2450 203 2503 vero,
234 2433 317 2509 quod
345 2434 399 2491 sub
421 2433 532 2491 influxu
559 2433 645 2491 huius
665 2433 867 2491 inclinationis
893 2450 963 2492 usus
990 2434 1111 2492 illarum

118 2521 251 2581 idearum
273 2522 313 2580 ita
327 2523 504 2593 immutatur,
526 2532 557 2580 ut
573 2541 610 2580 ex
623 2522 829 2597 cognitionum
842 2531 1014 2581 nostrarum
1028 2542 1109 2597 regu·

117 2612 213 2670 latinis
238 2614 309 2669 fiant
337 2611 517 2686 cognitionis
538 2611 582 2669 sui
603 2611 694 2686 ipsius
721 2612 947 2681 constitattaaffi,
972 2612 1110 2670 oriuntur
1168 2669 1170 2677 ,

120 2702 323 2777 «paralogismi
352 2700 574 2776 psychologici«
612 2697 751 2776 (tfalsaex
789 2700 998 2760 conclusiones
1028 2702 1111 2761 circa

116 2801 252 2849 naturam
279 2785 421 2866 animae),
454 2793 644 2848 «antiaamiac
664 2791 901 2866 cosmologicae»
929 2786 1109 2866 (contradic-

117 2879 229 2950 tiones,
269 2881 384 2939 «theses
419 2890 448 2939 et
483 2879 678 2950 antitheses»,
715 2898 807 2954 quae,
842 2879 900 2938 nisi
934 2880 1109 2940 Kantianae

117 2969 272 3028 doctrinae
286 2969 369 3041 fidas,
384 2971 465 3027 nulla
479 2969 594 3027 ratione
609 2969 683 3027 solvi
697 2978 834 3044 possunt3
855 2986 881 3027 e.
897 2984 939 3044 g.:
959 2970 1108 3028 mundum

116 3057 147 3114 in
169 3057 264 3132 spatio
292 3068 322 3116 et
349 3058 381 3116 in
409 3068 546 3134 tempore
575 3057 764 3116 exsistentem
792 3057 878 3117 simul
903 3075 969 3116 esse
990 3059 1107 3117 finitum

179 3249 186 3280 ¹
206 3251 289 3308 Frick,
309 3251 407 3314 Logica
425 3269 450 3314 p.
471 3252 530 3300 206.

177 3328 187 3360 ¹
206 3330 261 3376 Has
280 3345 355 3376 voces
374 3330 501 3377 adhibitas
521 3329 635 3379 invenies
654 3332 670 3380 l.
690 3347 711 3380 c.
732 3345 781 3392 401
803 3330 889 3396 (413).

1162 3132 1170 3257 l

1162 3300 1168 3443 l
