2350 3700
392 187 430 221 on
450 188 598 223 orvrsronrr
617 188 767 224 TEMPORIS.
1023 184 1074 237 345

144 336 181 391 In
204 335 294 393 rebus
314 333 459 409 denique,
488 354 566 411 quae
588 334 710 411 proprie
731 334 849 393 suntin
870 342 1008 411 tempore,
1034 334 1076 393 in·

79 422 203 481 venitur
224 424 305 499 prius
325 434 355 481 et
375 424 522 499 posterius
542 444 611 483 cum
631 426 833 483 inveteratione
853 431 880 481 et
896 425 1077 483 renovatione

79 514 173 587 ipsrns
186 531 253 581 esse,
275 513 358 587 quod
372 514 528 589 perdurat:
550 514 582 571 in
597 523 679 572 motu
698 513 780 572 enim
800 514 967 572 successivo
990 509 1027 587 (e.
1047 532 1075 589 g.

10 665 11 668 Ἴ
80 600 113 658 in
135 611 222 660 motu
243 597 342 675 locali)
364 602 464 678 aliqua
484 602 651 678 proprietas
672 602 773 661 habita
794 603 935 661 amittitur
952 604 998 661 vel
1014 620 1076 660 non

9 719 12 722 ⁴
80 690 188 748 habita
209 690 385 765 acquiritur:
417 710 478 767 qua
504 692 720 751 inveteratione
742 701 771 751 et
791 692 986 751 renovatione
1008 711 1077 750 con-

10 849 11 872 *
82 779 213 838 stituitur
232 782 323 855 ipsum
345 798 402 837 esse
421 792 518 839 motus
539 780 642 840 localis
657 783 673 838 ¹.

10 873 12 892 ³
145 869 322 928 Notandum
343 878 470 929 estnon
491 888 559 928 raro
580 879 734 929 aeternum
755 869 815 929 dici
836 868 882 941 id,
911 869 994 945 quod
1014 887 1077 927 non

10 963 12 1040 J
82 958 178 1017 habet
198 957 314 1016 initium
330 977 430 1033 neque
444 962 543 1031 finem,
566 959 621 1018 etsi
636 960 698 1018 eius
712 959 828 1019 duratio
842 968 887 1018 est
901 959 1076 1018 successiva.

83 1049 162 1105 Item
183 1065 402 1123 saepenumero
424 1058 578 1107 aeternum
604 1058 714 1107 vocant
741 1048 788 1119 id,
818 1048 899 1123 quod
924 1067 980 1106 nos
1001 1047 1077 1105 aevi·

83 1147 205 1195 ternum
226 1136 361 1195 dicimus.
405 1137 465 1195 Sed
485 1137 583 1196 modis
604 1138 660 1196 illis
689 1138 825 1196 omnibus
852 1155 914 1195 non
942 1136 999 1195 nisi
1026 1136 1077 1195 im-

84 1226 209 1301 proprie
230 1226 338 1285 dicitur
358 1226 532 1285 aeternitas:
560 1227 668 1285 rationi
690 1228 771 1286 enim
793 1226 972 1285 aeternitatis
993 1244 1077 1301 repu-

86 1325 159 1389 gnat
180 1334 272 1374 omne
293 1315 375 1389 prius
396 1325 426 1375 et
446 1316 592 1392 posterius
604 1318 623 1375 ².

476 1505 641 1566 Anrrcouos
661 1516 691 1555 11.

357 1616 406 1663 DE
425 1616 607 1665 DIVISIONE
626 1616 809 1666 TEMPORIS.

147 1747 290 1821 Tempus,
306 1745 381 1804 sicut
394 1756 424 1804 et
438 1745 573 1821 spatium,
589 1755 633 1805 est
646 1746 695 1804 vel
708 1744 915 1820 imaginarium
929 1747 977 1804 vel
987 1747 1075 1804 reale.

149 1837 171 1892 I.
195 1834 407 1910 imaginarium
427 1837 475 1894 vel
496 1835 662 1894 absolutum
677 1843 721 1894 est
738 1834 871 1894 extensio
887 1836 935 1894 vel
949 1834 1076 1906 diffusio,

87 1943 125 1982 ex
133 1943 210 2007 ‚non
231 1924 395 2001 interrupta
416 1925 492 1984 serie
513 1924 735 1983 successionum
755 1932 877 1982 moturum
891 1926 1077 2001 possibilium,

10 2086 11 2089 Ἴ
87 2015 254 2072 secundum
283 2013 363 2090 prius
393 2023 423 2074 et
450 2015 596 2090 posterius
624 2013 797 2085 constituta,
830 2013 1019 2072 considerata
1047 2024 1078 2071 ut

10 2146 12 2179 ,
87 2104 311 2178 receptaculum
338 2105 386 2162 vel
413 2121 552 2162 mensura
579 2103 712 2162 omnium
740 2103 961 2162 successionum
988 2102 1079 2178 possi·

87 2192 203 2250 bilium.

150 2283 189 2338 ΙΙ.
219 2282 315 2340 Reale
336 2290 381 2340 est
401 2281 535 2340 extensio
556 2283 604 2340 vel
625 2280 752 2351 diffusio,
774 2299 811 2339 ex
831 2299 894 2340 non
915 2281 1078 2357 interrupta

86 2370 166 2429 serie
187 2372 409 2429 successionum
429 2379 553 2429 motuum
574 2373 740 2440 actualium,
763 2370 927 2430 secundum
948 2369 1027 2446 prius
1049 2380 1079 2429 et

88 2461 238 2535 posterius
259 2460 426 2534 constituta,
449 2461 638 2520 considerata
658 2470 689 2519 ut
703 2460 923 2536 receptaculum
937 2461 985 2518 vel
999 2479 1079 2518 men·

89 2568 160 2607 sura
180 2549 315 2607 omnium
335 2551 556 2610 successionum
577 2550 708 2608 realium.

151 2641 285 2714 Tempus
305 2657 378 2698 vero
399 2641 479 2699 reale
500 2638 641 2698 dividitur
659 2639 690 2696 in
708 2638 857 2697 internum
872 2647 901 2696 et
915 2649 1077 2698 externum.

155 2748 179 2785 1,
201 2728 352 2786 Internum
373 2738 418 2787 est
438 2729 553 2787 duratio
575 2728 698 2805 propria
719 2739 747 2786 et
774 2727 934 2787 intrinseca
957 2728 1079 2788 alieuius

90 2827 205 2889 motus3
227 2836 253 2876 e.
275 2836 304 2892 g.
326 2818 443 2876 duratio
464 2829 560 2876 motus
581 2817 703 2876 alicuius
724 2826 815 2888 rotae,
839 2817 1078 2876 consideratam

90 2905 218 2981 seipsa.

153 3016 180 3054 2.
202 2996 368 3054 Externum
389 3007 433 3054 est
449 2996 565 3054 duratio
583 3007 680 3055 motus
694 2996 868 3066 extrinseca,
891 2997 1080 3055 considerata

10 3080 11 3119 l
90 3091 122 3142 u‘t
148 3103 304 3157 mensura,
334 3104 462 3160 quacum
488 3096 605 3162 tempus
632 3086 755 3161 aliquod
781 3085 973 3144 intrinsecum
1001 3104 1079 3144 eom·

154 3297 164 3328 ¹
184 3299 224 3346 Cf.
244 3299 320 3347 Pescla
338 3299 354 3346 l.
375 3315 396 3348 c.
416 3317 441 3362 p.
464 3310 513 3360 174
532 3316 568 3363 sq.

153 3375 164 3409 ²
184 3379 224 3427 Cf.
245 3380 271 3427 S.
295 3380 388 3438 Tuom„
408 3395 496 3443 opusc.
516 3393 551 3439 44
570 3381 602 3428 de
621 3387 733 3443 ternpore
753 3395 774 3427 c.
794 3391 818 3437 4.
