2350 3700
371 153 409 188 DE
428 152 490 189 IPSA
509 152 696 190 PROBATIONE.
978 150 1025 201 197

86 299 107 354 Ι.
142 297 209 370 Qui
239 299 480 374 propositionem
508 300 638 375 aliquam
667 299 779 359 directe
808 301 937 376 probare
959 300 1027 369 vult,

31 387 67 443 illi
86 386 189 461 primo
213 387 440 447 consideranda
460 399 527 447 sunt
547 389 673 464 species,
695 407 804 464 genus,
831 387 1027 460 differentiae,

30 475 247 550 proprietates,
278 477 449 536 accidentia
469 487 530 536 tum
551 477 676 537 subiecti
704 489 765 536 tum
789 477 967 554 praedicati,
996 489 1027 536 ut

30 584 62 623 ex
74 565 283 626 meditatione
297 568 329 625 in
343 567 378 626 iis
391 568 493 627 habita
508 577 683 644 argumenta
697 567 753 644 ipsi
768 577 941 642 occurrant3
955 566 973 626 i.
984 583 1024 626 e.:

83 657 193 730 Ipsum
216 657 367 714 mbzkctum
387 657 546 732 diligenter
567 657 788 733 explanandum
809 667 869 728 est,
890 655 938 714 via
959 675 1028 714 ana-

28 745 128 819 lytica,
152 764 216 820 per
239 746 417 805 divisionem
438 746 553 805 scilicet
573 746 636 805 eius
656 745 906 822 metaphysicam,
928 763 1026 804 esseu-

27 834 123 892 tialem
144 836 200 893 vel
225 835 452 894 accidentalem.
484 835 613 907 Deinde,
637 835 760 894 notione
775 835 939 911 praedicati
956 835 1026 893 item

26 925 239 1000 metaphysice
269 925 378 996 divisa,
407 925 614 1000 quaerendum
641 936 702 996 est,
732 943 882 1000 quaenam
903 935 975 983 nota
996 923 1027 982 in

26 1013 160 1073 subiecto
184 1014 376 1072 considerari
403 1014 498 1090 possit
524 1024 556 1071 ut
577 1032 666 1072 causa
694 1013 922 1073 convenientiae
944 1031 1027 1090 prae-

25 1102 121 1161 dicati.
161 1104 310 1162 Perfecta
329 1114 428 1162 autem
448 1103 506 1162 erit
526 1103 750 1175 demonstratio,
773 1103 797 1162 si
818 1114 891 1161 nota
911 1102 961 1160 illa
982 1112 1027 1162 est

27 1211 110 1250 causa
131 1192 319 1252 immediata
338 1193 423 1252 huius
444 1193 691 1268 convenientiae3
716 1192 878 1269 perfectior
898 1209 979 1262 ver0,
1002 1191 1026 1250 si

28 1299 110 1339 causa
133 1293 186 1340 est
218 1281 313 1358 magis
340 1282 479 1358 propria3
509 1281 725 1358 perfectissima
752 1281 898 1358 denique,
929 1281 952 1339 si
981 1291 1026 1339 est

28 1371 178 1429 exclusive
204 1371 335 1446 propria.
371 1371 420 1429 Sic
434 1369 655 1447 philosophiam
670 1367 735 1430 esse
749 1371 850 1429 utilem
865 1369 1023 1439 sacerdoti,

29 1460 150 1535 probari
183 1469 286 1536 potest
311 1479 347 1518 ex
368 1470 440 1519 nota
459 1460 602 1535 generica
623 1459 847 1536 philosophiae,
878 1460 960 1534 quod
982 1468 1026 1517 est

27 1549 162 1620 scientia,
187 1551 239 1607 vel
261 1567 297 1608 ex
317 1559 389 1608 nota
409 1549 552 1625 generica
572 1548 745 1620 sacerdotis,
767 1549 850 1624 quod
865 1559 909 1607 est
922 1547 1023 1620 homo,

26 1639 79 1696 hoc
108 1639 216 1698 modo
242 1638 495 1714 argumentando:
527 1638 634 1698 Omnis
661 1638 785 1698 scientia
813 1638 890 1696 utilis
917 1647 961 1696 est
982 1656 1024 1696 sa·

25 1728 153 1786 cerdoti.
179 1727 277 1802 Atqui
297 1727 487 1803 philosophia
506 1738 552 1786 est
571 1726 704 1786 scientia.
733 1729 815 1802 Ergo
836 1725 1025 1804 philosophia

24 1817 102 1876 utilis
133 1827 184 1877 est
213 1817 369 1877 sacerdoti.
411 1819 501 1889 Item,
531 1817 555 1876 si
581 1816 675 1877 homo
702 1816 824 1876 sumitur
851 1826 882 1875 ut
908 1814 1023 1875 medius

26 1906 186 1977 terminus

85 1998 180 2055 Patet
203 2014 275 2054 vero
296 1996 506 2072 perfectiorem
528 2014 594 2055 esse
615 2006 747 2055 nostram
769 1994 972 2071 cognitionem
994 2006 1024 2054 et

26 2086 158 2160 proinde
169 2085 383 2161 perfectiorem
398 2084 694 2157 demonstrationem,
710 2085 734 2143 si
748 2084 798 2142 illa
813 2083 1024 2143 convenientia

25 2176 202 2234 ostenditur
222 2193 259 2233 ex
279 2175 344 2250 ipsa
365 2174 480 2233 ratione
501 2174 652 2250 proxima,
681 2185 805 2250 propter
826 2192 915 2249 quam
932 2173 1023 2248 philo

25 2265 129 2339 sophia
151 2275 199 2323 est
219 2264 296 2323 utilis
316 2264 471 2332 sacerdoti,
500 2263 722 2322 considerando
744 2262 857 2321 scilicet
877 2262 909 2319 in
929 2263 1023 2338 philo·

25 2355 138 2429 sophia
160 2353 226 2413 eius
246 2353 393 2412 rationem
422 2353 578 2412 formalem
600 2348 763 2428 (tcognitio
785 2370 939 2411 causarum
960 2352 1022 2410 ulti·

25 2438 178 2519 marum»)
200 2453 231 2501 et
250 2442 435 2501 attendendo
455 2442 487 2499 in
508 2441 576 2519 ipso
596 2441 771 2518 praedicato
785 2459 848 2500 non
869 2440 908 2499 ad
929 2459 1023 2516 genus

25 2532 178 2605 hominis,
201 2533 255 2591 sed
275 2532 315 2591 ad
335 2532 430 2608 ipsam
451 2531 597 2591 rationem
619 2532 769 2590 sacerdotri
789 2538 822 2588 ut
840 2532 922 2599 talis,
945 2548 970 2589 e.
993 2549 1021 2605 g.

29 2621 232 2681 «constitutus
253 2621 348 2691 iniis,
371 2640 449 2696 quae
469 2630 536 2679 sunt
557 2622 596 2679 ad
618 2622 745 2680 Deum».

89 2714 130 2770 II.
148 2711 267 2785 Quodsi
282 2710 314 2768 in
328 2710 392 2786 ipsa
408 2729 440 2769 re
455 2712 656 2785 contemplata
673 2719 879 2785 argumentum
895 2707 1022 2767 inveniri

27 2820 93 2859 non
114 2810 224 2876 potest,
246 2811 319 2858 tunc
338 2799 557 2858 consideranda
578 2809 646 2858 sunt
667 2816 711 2871 ea,
733 2816 811 2874 quae
832 2816 901 2856 cum
921 2797 971 2855 illa
989 2816 1021 2856 re

27 2901 99 2948 sunt
119 2890 284 2957 centonem,
307 2888 406 2964 qualia
427 2899 494 2947 sunt
514 2907 604 2947 causa
625 2899 654 2947 et
675 2890 812 2959 effectus,
835 2888 889 2947 sub
910 2886 1021 2945 lumine

28 2978 189 3054 principii:
221 2978 325 3051 Qualis
344 2996 444 3047 causa,
473 2979 540 3035 talis
562 2986 596 3034 ut
610 2978 766 3053 plurimum
786 2985 829 3034 est
847 2977 962 3050 effectus
982 3006 1020 3015 -

30 3070 126 3142 qualo
153 3069 285 3141 effectus,
313 3067 380 3124 talis
406 3085 498 3125 causa.
520 3066 631 3124 -Sic
653 3085 728 3141 opus
755 3066 908 3141 quoddam
939 3084 1021 3140 prae·

32 3157 243 3215 stantissimum
257 3174 330 3226 esse,
345 3156 488 3231 probatur
502 3174 538 3213 ex
552 3174 642 3214 causa
656 3153 806 3224 efficienti,
821 3154 903 3229 quod
917 3154 1022 3213 artifex

30 3248 69 3304 sit
88 3246 219 3322 peritus3
240 3263 277 3303 ex
298 3263 386 3303 causa
401 3245 555 3312 materiali,
577 3244 661 3317 quod
675 3260 749 3317 opus
764 3242 801 3299 sit
814 3260 851 3299 ex
865 3259 937 3298 auro
952 3258 1021 3298 con·

33 3336 161 3410 fectum3
191 3352 228 3393 ex
248 3351 339 3392 causa
358 3332 454 3402 finali,
477 3330 559 3406 quod
579 3332 620 3388 ad
640 3348 724 3387 usum
745 3330 838 3386 cultus
859 3328 951 3385 divini
972 3328 1020 3384 de·
