2350 3700
6 2432 19 2675 l

387 146 426 181 DE
445 147 612 183 ACCIDENTE
632 149 759 193 QUANDO.
1017 150 1066 203 347

71 290 218 349 exsistere
240 302 340 366 potest
358 294 389 350 in
410 312 509 354 rerum
529 306 635 354 natura
656 297 818 356 formaliter
838 309 870 356 ut
891 318 986 375 capax
1007 320 1069 359 suc·

72 380 248 438 cessionum
279 393 308 440 et
341 401 480 442 mensura
514 402 633 458 earum,
670 387 765 461 qualis
800 388 915 447 ratione
950 408 1066 465 reprae-

72 480 219 528 sentatur.

137 570 176 627 V.
200 571 332 645 Tempus
353 570 484 646 denique
502 572 711 647 imaginarium
732 594 791 634 nec
811 575 908 652 ipsum
926 586 957 634 ut
973 577 1069 635 forma

2 657 3 664 ’
74 658 230 733 quaedam
251 677 333 718 mere
354 660 517 719 subiectiva
536 662 709 721 habendum
731 673 789 734 est,
818 664 866 723 cui
886 665 961 723 nihil
986 676 1068 725 extra

74 757 212 805 mentem
234 749 422 824 respondeat.
458 750 561 808 Habet
581 751 662 808 enim
684 770 768 809 suum
790 753 1017 814 fundamentum
1038 758 1068 813 in

68 838 261 913 possibiliiote
280 840 332 895 illo
352 858 371 895 o
391 848 481 897 orente
499 840 627 897 humano
647 842 860 917 independenie,
890 862 949 918 qua
969 846 1015 915 fit,
1038 855 1069 902 ut

2 975 4 994 .
74 937 199 1001 praeter
228 927 292 985 illas
320 945 396 1001 quae
424 929 516 987 modo
546 938 614 988 sunt
641 931 771 988 actuales
800 941 933 991 motuum
955 951 1069 991 succes-

75 1016 180 1073 siones
201 1015 431 1076 innumerabiles
452 1019 527 1077 aliae
548 1038 613 1079 esse
634 1021 756 1095 possint.
786 1022 866 1081 Ante
888 1021 968 1081 enim
988 1041 1068 1081 crea-

75 1105 194 1163 tionem
215 1105 334 1177 mundi,
357 1124 382 1164 e.
404 1125 450 1181 g.,
471 1125 576 1166 revera
597 1108 837 1185 independenter
858 1130 876 1168 a
896 1122 997 1169 mente
1018 1112 1069 1169 hu·

75 1214 169 1251 mana
190 1193 360 1254 indefinitus
382 1208 445 1254 erat
465 1215 605 1256 numerus
625 1210 845 1258 momentorum
873 1200 1067 1275 possibilium,

74 1284 187 1359 quibus
209 1284 321 1342 creatio
342 1284 475 1361 incipere
496 1285 601 1361 potuit.

461 1465 629 1513 Anrrcuius
649 1477 686 1515 ru.

348 1578 397 1625 DE
415 1578 620 1627 ACCIDENTE
640 1580 799 1641 QUANDO.

141 1722 167 1758 1.
199 1700 280 1758 Sicut
301 1701 442 1759 accidens
462 1703 512 1759 ubi
534 1703 704 1778 supervenit
732 1703 775 1761 rei
803 1714 921 1762 creatae
953 1703 1067 1761 ratione

72 1790 380 1849 commensurationis
401 1790 571 1866 quantitatis
593 1792 784 1865 dimensivae,
807 1793 824 1852 i.
842 1812 867 1852 e.
890 1792 1004 1850 ratione
1026 1811 1069 1850 re·

71 1880 199 1938 lationis
233 1879 420 1955 praesentiae
448 1881 534 1938 unius
564 1881 656 1956 partis
686 1882 770 1940 huius
805 1882 975 1957 quantitatis
1005 1900 1069 1957 per·

71 1969 229 2027 manentis
243 1969 283 2027 ad
296 1970 393 2040 aliam,
415 1969 455 2026 ita
469 1969 611 2028 accidens
625 1972 737 2045 quando
759 1972 850 2029 oritur
864 1991 901 2030 ex
919 1989 1069 2029 commen·

71 2059 232 2117 suratione
253 2058 422 2133 quantitatis
443 2060 628 2118 successivae
649 2061 776 2118 duorum
796 2070 929 2118 motuum
951 2069 980 2118 et
1002 2077 1069 2134 pro·

70 2148 150 2206 inde
172 2148 326 2206 definitur:
358 2147 499 2206 accidens
520 2151 665 2206 resultans
686 2149 716 2206 in
738 2151 826 2208 rebus
848 2168 957 2220 exeo,
987 2149 1069 2224 quod

71 2238 223 2296 exsistunt
243 2237 274 2294 in
295 2247 430 2313 tempore
452 2247 481 2295 et
502 2256 539 2295 eo
560 2248 774 2297 mensurantur.

141 2356 168 2394 2.
191 2338 266 2394 Esse
280 2346 378 2394 autem
392 2336 423 2393 in
437 2348 573 2412 tempore
583 2336 701 2394 diverso
712 2337 803 2394 modo
814 2335 946 2410 intellegi
956 2345 1068 2411 potest:

138 2435 265 2510 Proprie
285 2434 391 2492 dicitur
413 2453 476 2493 esse
492 2435 523 2492 in
538 2447 674 2510 tempore
690 2434 728 2506 id,
752 2435 834 2509 quod
848 2435 939 2492 habet
952 2445 1069 2508 tempus

71 2527 231 2582 internum
252 2523 300 2595 ita,
322 2535 354 2582 ut
375 2524 463 2581 aliam
477 2535 592 2600 partem
607 2523 651 2582 sui
666 2542 730 2582 esse
744 2525 853 2582 habeat
867 2523 898 2580 in
913 2523 970 2580 alia
985 2532 1068 2598 parte

70 2613 226 2688 temporis
247 2613 368 2685 externi,
392 2613 480 2671 aliam
501 2614 532 2671 in
554 2615 619 2672 alia.
655 2614 703 2671 Sic
725 2623 820 2670 motus
842 2612 963 2671 alicuius
984 2613 1070 2670 horo·

70 2704 153 2779 logii
175 2703 271 2760 estin
292 2713 437 2778 tempore,
460 2704 502 2761 sic
523 2704 612 2760 etiam
634 2713 730 2760 motus
751 2701 848 2760 omnis
868 2701 979 2760 localis.

138 2793 246 2850 Mirm
260 2794 380 2868 proprie
399 2803 466 2851 sunt
484 2792 514 2850 in
529 2802 665 2867 tempore
680 2810 716 2850 ea
730 2791 838 2862 omnia,
862 2809 939 2866 quae
954 2801 1070 2866 tempus

70 2884 230 2942 internum
252 2900 314 2938 non
336 2882 448 2940 habent
468 2891 498 2939 et
519 2881 645 2956 proinde
666 2891 760 2938 totum
782 2899 866 2938 suum
880 2898 944 2938 esse
959 2881 1071 2938 habent

9 3010 14 3018 -
70 2975 104 3031 in
130 2970 267 3046 qualibet
287 2981 372 3045 parte
393 2971 550 3046 temporis,
581 2969 636 3028 sed
663 2988 725 3027 non
753 2981 845 3028 totam
873 2969 1069 3027 durationem.

71 3063 126 3121 Sic
153 3079 179 3118 e.
202 3079 230 3134 g.
253 3059 370 3134 spiritus
391 3059 483 3118 creati
511 3069 578 3117 sunt
605 3059 636 3116 in
663 3069 815 3134 tempore,
846 3059 968 3134 proprie
998 3077 1070 3116 vero

71 3152 106 3208 in
130 3167 219 3208 aevo

143 3238 268 3297 Omnino
288 3239 442 3313 improprie
461 3237 493 3295 in
513 3249 650 3312 tempore
672 3247 716 3295 est
736 3239 833 3307 Deus,
863 3237 914 3311 qui
934 3246 1069 3309 tempore

71 3330 164 3388 nullo
185 3328 279 3386 modo
300 3326 464 3385 mensurari
485 3336 592 3400 potest,
618 3325 687 3400 quia
708 3326 739 3382 in
760 3324 825 3398 ipso
846 3323 926 3380 nulla
946 3324 1069 3380 omnino
