2350 3700
302 150 341 185 DE
360 150 536 187 uncussmtto
556 150 592 187 ET
611 149 753 187 INFlNlTO.
968 150 1015 196 241

42 298 153 370 gradus,
175 298 234 355 hoc
256 316 310 356 ens
330 296 479 355 diceretur
498 308 566 355 actu
586 298 704 354 relative
724 296 879 354 infinitum.
915 296 1021 354 Huius·

43 387 118 444 modi
133 398 211 444 esset
231 404 256 444 e.
272 405 300 461 g.
315 386 395 444 linea
408 397 476 444 actu
494 387 609 445 habens
628 386 845 461 longitudinem
867 386 1020 443 infinitam.

42 475 96 532 Sed
124 476 214 533 talem
242 476 353 533 lineam
380 474 518 534 exsistere
547 494 610 533 non
637 492 741 549 posse,
772 474 963 533 ostendemus
991 474 1021 531 in

42 565 230 637 cosmologia.

98 674 124 709 2.
153 652 305 710 Infinitum
326 655 456 728 potentia
483 652 696 723 diciturillud,
725 652 806 727 quod
833 652 940 710 limites
961 670 1021 709 non

41 742 127 799 habet
147 741 180 797 in
206 759 263 799 esse
277 742 420 817 possibili,
448 741 467 798 i.
490 760 515 799 e.
538 740 640 812 iniis,
669 758 747 815 quae
767 742 871 799 haberi
892 752 1022 816 possunt.

42 830 211 887 Cuiusmodi
232 829 387 900 infinitum,
409 848 479 887 cum
494 848 614 905 semper
634 828 665 886 in
682 831 732 887 tali
750 830 946 888 determinato
959 849 1024 905 per·

41 919 176 977 fectionis
205 919 312 976 ordine
342 919 541 993 concipiatur,
574 936 678 976 revera
709 918 852 976 infinitum
880 930 925 977 est
953 920 1024 976 rela-

41 1008 137 1065 tivum.
181 1006 331 1065 Infinitam
357 1008 491 1082 potentia
520 1026 546 1081 e.
568 1025 596 1082 g.
626 1007 811 1082 concipimus
839 1007 949 1066 lineam
976 1008 1025 1065 ali-

43 1116 146 1172 quam,
183 1096 254 1154 item
284 1096 396 1172 optime
426 1115 510 1155 mens
540 1097 701 1171 concipere
733 1106 831 1171 potest
860 1098 1025 1172 generatim

42 1204 195 1243 numerum
213 1186 347 1260 potentia
361 1184 514 1243 infinitum.
549 1186 623 1244 Tale
638 1185 784 1243 infinitum
799 1186 905 1244 rectius
920 1184 1026 1244 dicitur

41 1276 224 1350 indefinitum.

97 1366 147 1421 De
163 1365 272 1436 origine
285 1364 405 1420 notianr's
418 1364 525 1438 infiniti
536 1363 567 1420 in
581 1374 682 1421 mente
697 1372 798 1421 nostra
812 1362 1027 1421 convenienter

42 1454 96 1510 hoc
111 1454 184 1510 loco
197 1451 343 1510 disserere
363 1471 425 1509 non
446 1470 610 1527 possumus.
642 1452 730 1509 Clara
745 1452 825 1509 enim
841 1451 925 1509 huius
940 1470 1027 1525 quae·

27 1540 143 1624 ,stionis
166 1540 273 1597 solutio
294 1541 386 1597 multa
405 1540 619 1615 praesupponit
640 1558 675 1597 ex
696 1540 740 1611 iis,
762 1558 838 1614 quae
860 1541 890 1597 in
911 1540 1028 1597 anthro-

27 1629 164 1705 ,pologia
184 1639 214 1687 et
234 1629 411 1687 theodicaea
432 1647 530 1687 sumus
551 1629 737 1687 declaraturi.

101 1721 176 1776 Hoc
196 1736 288 1775 unum
309 1717 358 1775 hic
378 1718 527 1775 monuisse
550 1718 619 1776 satis
640 1718 709 1775 erit:
739 1720 783 1775 Ex
811 1718 934 1776 notione
956 1717 1028 1775 finiti

42 1808 79 1865 ad
101 1806 259 1866 notionem
286 1806 390 1865 infiniti
418 1817 501 1866 certo
522 1824 675 1883 assurgere
703 1825 765 1865 non
794 1824 948 1882 possumus
975 1824 1029 1883 per

42 1897 215 1954 continuam
243 1895 317 1953 finiti
344 1896 383 1954 ad
410 1897 524 1954 finitum
552 1896 744 1954 additionem.
787 1896 914 1954 Finitunr
940 1895 1027 1968 enim,

42 1986 146 2044 addito
161 1985 260 2055 ¹finito,
282 2003 401 2060 semper
420 1985 475 2043 erit
496 1986 617 2042 finitum.

451 2235 564 2296 LIBER
587 2249 623 2298 11.

303 2366 365 2427 DE
388 2364 775 2430 PROPRIETATIBUS

186 2470 319 2534 ENTIS
342 2470 888 2536 TRANSCENDENTALIBUS.

103 2623 319 2672 praenotionea.
359 2614 526 2690 Proprietas
553 2615 582 2671 in
605 2633 692 2672 sensu
718 2616 819 2673 stricto
841 2626 965 2689 accepta
987 2625 1030 2672 est

37 2705 89 2771 id,
117 2703 198 2777 quad
221 2705 373 2760 necessario
396 2705 490 2760 uritur
516 2721 552 2759 ex
578 2705 677 2777 aliqua
705 2706 822 2761 essentia
850 2705 906 2760 iarn
927 2705 1034 2776 integre

36 2794 203 2850 constituta.
240 2792 289 2849 Sic
304 2793 425 2850 facultas
440 2792 637 2850 ratiocinandi
659 2802 702 2850 est
717 2793 882 2867 proprietas
897 2793 1033 2850 hominis

106 2880 157 2938 Ad
178 2881 325 2938 rationem
345 2880 473 2956 proinde
487 2881 676 2956 proprietatis
698 2882 796 2939 stricte
816 2890 949 2956 sumptae
970 2899 1035 2955 per·

37 2972 127 3041 tinet,
153 2980 186 3026 nt
206 2970 243 3027 sit
256 2970 362 3028 entitas
377 2970 524 3044 quaedam
538 2969 673 3044 positiva,
696 2988 772 3044 quae
794 2970 824 3026 in
845 2969 973 3027 essentia
993 2970 1036 3027 rei

37 3077 107 3116 non
129 3058 313 3128 includatur,
342 3058 396 3117 sed
416 3058 472 3134 ipsi
493 3057 708 3133 superaddatur
728 3070 759 3116 ut
780 3058 891 3133 aliquid
912 3058 950 3115 ab
972 3057 1036 3132 ipsa

38 3148 166 3207 realiter
187 3148 358 3205 distinctum
379 3157 409 3206 et
428 3147 599 3205 necessario
620 3146 761 3205 defluens

108 3237 182 3294 Hoc
209 3254 298 3294 sensu
323 3237 423 3294 stricto
450 3255 508 3292 vox
535 3235 724 3308 proprietatis
751 3236 883 3292 hicnon
906 3235 1035 3292 sumitur.

43 3327 118 3382 Enti
140 3326 222 3385 enim
242 3335 274 3383 ut
295 3325 338 3382 sic
358 3325 439 3381 nulla
459 3324 586 3399 positiva
607 3322 712 3378 entitas
732 3323 801 3377 addi
820 3331 931 3394 potest,
960 3337 1037 3389 quae

102 3427 296 3476 Reinstadler,
312 3426 381 3466 Elem.
397 3424 475 3475 philos.
491 3423 559 3462 schol.
582 3421 599 3460 I.
847 3415 877 3459 16
