2350 3700
148 145 189 179 DE
212 144 373 181 RA'l'lOClNll
393 145 477 181 SIGNO
497 144 560 179 SIVE
580 144 618 179 DE
639 144 917 181 ARGUllllN'l'A'l'IONE.
998 133 1032 195 69

95 292 272 351 Praemissa
281 293 343 365 illa,
358 294 389 351 iu
404 312 463 369 qua
477 292 571 351 maius
586 302 750 351 extremum
764 288 869 366 (maior
879 288 1032 366 terminus)

21 398 109 439 cum
123 382 230 440 medio
245 393 442 459 comparatur,
458 382 565 441 dicitur
579 382 742 458 praemissa
756 383 850 441 maior
864 384 910 441 vel
925 381 1034 458 simpli·

22 468 116 529 citer
136 474 241 541 maior,
264 473 355 532 altera
376 475 470 531 minor
489 483 621 530 vocatur.

101 560 165 618 Usu
192 569 287 619 tamen
311 563 434 620 invaluit
459 570 507 631 eet,
533 562 673 637 quidquid
689 568 731 618 est
749 562 783 618 de
802 563 960 619 extensione
980 568 1032 617 ter-

24 652 199 719 minorum,
229 653 321 709 maior
339 660 447 727 semper
471 653 584 709 dicatur
603 669 637 707 ea
652 652 824 727 propositio,
847 668 919 726 quae
934 652 1034 725 priore

25 740 97 796 loco
114 742 214 814 posita
233 742 278 797 sit.

102 828 196 887 Ratio
218 838 324 901 autem,
349 839 473 906 propter
494 848 584 905 quarn
605 839 664 887 tres
684 828 802 887 termini
830 828 966 886 dicantur
986 844 1033 885 ex·

28 926 138 975 trema
160 928 191 976 et
213 918 335 990 medius,
359 919 494 978 consistit
514 919 544 976 in
566 936 671 977 eorum
685 917 832 995 positione
854 917 991 976 relativa:

421 1010 449 1066 A
463 1039 503 1047 -
518 1009 542 1066 C
565 1040 604 1048 -
625 1010 650 1066 B

386 1097 468 1146 minor
486 1098 584 1146 medius
603 1097 689 1146 maior.

102 1184 197 1243 Ratio
218 1204 307 1255 vero,
337 1196 461 1261 propter
489 1204 579 1261 quam
607 1186 743 1244 dicantur
770 1185 880 1255 maior,
908 1182 1032 1253 medius,

38 1273 152 1343 minor,
174 1274 326 1333 invenitur
347 1274 377 1331 in
398 1276 572 1333 extensione
594 1275 736 1345 idearum,
761 1292 835 1349 quas
855 1273 1031 1348 exprimunt.

39 1364 78 1419 In
100 1362 262 1421 ratiocinio
285 1364 365 1422 enim
382 1367 539 1437 generatim
556 1364 735 1440 explicando
756 1364 795 1422 ad
810 1362 1032 1421 conclusionem

40 1451 260 1525 affirmativam
281 1454 455 1527 praesertim
477 1473 561 1513 mens
576 1454 710 1513 attendit.
746 1456 811 1511 Iam
825 1469 897 1510 vero
918 1452 949 1509 in
964 1470 1033 1509 con·

41 1539 180 1599 elusione
191 1541 375 1613 affirmativa,
390 1542 563 1614 subiectum,
579 1544 609 1601 vi
619 1545 742 1613 formae,
757 1559 876 1617 semper
885 1540 1033 1598 minorem

40 1630 138 1689 habet
152 1630 358 1690 extensionem
373 1650 462 1707 quam
476 1633 690 1708 praedicatum,
712 1632 743 1689 in
757 1631 839 1690 cuius
861 1629 1033 1688 extensione

41 1719 196 1777 contineri
210 1720 371 1778 affirmatur
385 1729 498 1797 utpars
512 1718 551 1797 (p.
568 1726 616 1795 38,
632 1724 670 1792 II,
689 1716 724 1797 1).
755 1724 851 1778 Immo
866 1718 889 1777 si
904 1718 1033 1794 syllogis-

41 1827 129 1867 mum
145 1810 343 1869 affirmantem
357 1811 387 1870 in
402 1828 454 1870 sua
468 1813 602 1888 perfecta
616 1821 646 1870 et
666 1811 793 1870 naturali
807 1810 903 1869 forma
917 1806 1034 1867 circulis

42 1918 112 1957 sese
134 1899 355 1959 includentibus
374 1895 432 1976 (fig.
452 1923 495 1972 10,
518 1922 547 1978 p.
564 1896 614 1975 66)
634 1900 813 1960 sensibiliter
833 1909 1034 1974 repraesenta-

43 1998 108 2046 tum
130 1988 303 2064 inspexeris,
324 1991 483 2049 terminum
504 1991 649 2049 maiorem
667 1990 872 2049 extensionem
891 1987 1034 2046 maiorem

45 2073 129 2150 (circ.
152 2075 212 2152 B),
242 2078 400 2137 terminum
428 2079 574 2152 medium,
604 2080 749 2151 mediam,
774 2077 932 2137 terminum
961 2095 1034 2134 vero

45 2167 195 2225 minorem
216 2167 370 2226 minimam
391 2170 596 2229 extensionem
616 2171 729 2228 habere
750 2170 829 2227 clare
850 2165 972 2225 videbis.

100 2258 191 2314 Haec
219 2257 320 2315 omnia
346 2259 561 2334 compendiose
582 2259 615 2316 in
636 2259 774 2335 exemplo
898 2295 959 2354 'ste

46 2364 137 2419 supra
158 2346 250 2404 allato
271 2346 417 2405 declarari
437 2359 569 2424 possunt.
833 2302 898 2389 W
956 2366 960 2374 ·

273 2439 343 2490 (term.
360 2439 452 2493 medius)
582 2441 654 2492 (term.
670 2441 749 2490 maior)

125 2506 219 2554 maior:
234 2507 317 2556 Omne
331 2519 498 2556 srnnruxun
511 2517 550 2557 est
559 2509 774 2558 IMMORTALE

443 2601 512 2653 (term.
529 2603 609 2652 minor)

98 2663 115 2890 Ι
180 2675 276 2724 minor:
296 2677 374 2741 Atqui
394 2685 496 2726 ANIMA
519 2685 658 2728 HUMANA
677 2691 715 2727 est
854 2650 1031 2827 ΘΗΜ

373 2753 443 2802 (term.
460 2753 527 2804 med.)
885 2749 919 2816 O

58 2526 83 2829 Praemissae

363 2832 540 2870 SPIRITUALIS

463 2920 533 2972 (term.
551 2921 631 2975 minor)

163 2993 316 3044 Conclusio:
335 2995 405 3060 Ergo
425 3004 527 3046 ANIMA
549 3005 687 3047 HUMANA
707 3008 745 3048 est

369 3072 439 3121 (term.
456 3073 532 3124 maior)

337 3138 561 3188 lMMORTALIS

100 3246 285 3304 Praemissae
300 3263 527 3320 nonnumquam
543 3246 682 3306 dicuntur
702 3257 777 3306 ante·

54 3336 153 3402 cedens,
175 3344 206 3392 et
227 3334 389 3406 conclusi0,
410 3351 580 3410 consequens.
619 3336 705 3408 Quae
721 3354 779 3394 vox
859 3355 906 3404 mg.
925 3368 955 3403 14.
