2350 3700
143 90 191 137 126
518 100 748 137 carrnnronoorn.

197 244 228 323 b)
250 250 427 322 Argumenta
440 257 499 325 per
517 249 678 307 abstrdam.

197 339 327 397 Ratione
349 338 537 408 individuali,
564 337 644 395 iuxta
665 337 859 408 Lamennais,
881 336 973 408 nihil,
1002 355 1045 395 ne
1065 355 1133 411 pro

137 429 203 504 pria
229 427 350 503 quidem
377 427 561 498 exsistentia,
591 426 732 485 affirmari
758 437 864 501 potest.
908 427 971 485 Sed
999 436 1135 501 systema
1158 437 1160 500 j

137 535 221 576 suurn
251 518 431 576 Lamennais
461 519 573 575 ratione
601 536 655 573 sua
683 517 858 575 individuali
885 515 1073 591 excogitavit
1104 527 1134 573 et
1158 509 1160 596 ,

137 605 308 665 affirmavit!
1158 599 1160 680 i

198 696 228 753 Si
249 697 324 754 ratio
338 694 527 754 individualis
541 694 580 753 ad
595 694 804 753 certitudinem
817 694 1039 769 acquirendam
1056 693 1133 751 nihil
1158 699 1160 774 l

136 786 229 855 valet,
259 784 329 859 quia
356 802 411 860 per
441 802 472 842 se
501 784 696 842 essentialiter
724 784 761 841 sit
787 783 930 855 fallibilis,
963 802 1025 842 nec
1054 783 1132 841 ratio

135 874 283 948 generalis
305 874 464 948 quicquam
489 874 589 932 valere
611 883 717 948 potest.
752 873 842 930 Ratio
863 872 943 931 enim
964 873 1018 931 illa
1040 890 1133 949 gene·
1158 864 1160 910 ἶ

136 964 204 1021 ralis
229 962 302 1021 nihil
331 962 411 1021 aliud
438 970 483 1021 est
506 962 563 1020 nisi
589 963 737 1020 rationum
764 962 992 1021 individualium
1019 964 1132 1020 collec-

135 1052 186 1111 tio.
215 1084 254 1091 -
283 1052 342 1111 Sed
369 1055 483 1110 interna
511 1054 556 1109 rei
581 1059 689 1109 natura
716 1069 771 1126 per
798 1050 984 1110 additionem
1012 1051 1131 1111 entium

134 1141 267 1200 eiusdem
287 1151 410 1200 naturae
431 1160 493 1199 non
515 1151 657 1199 mutatur:
678 1141 749 1217 plus
769 1142 908 1198 dminus
926 1160 985 1199 non
1012 1148 1133 1197 mutant

134 1233 255 1306 spectem.

196 1340 222 1378 2.
246 1320 359 1379 Contra
372 1320 407 1376 de
419 1320 545 1377 Bonald.
563 1351 601 1359 —
615 1318 729 1377 Primos
743 1318 881 1377 homines
895 1320 1068 1396 expeditam
1083 1322 1127 1377 lo-

135 1409 248 1484 quendi
258 1409 427 1467 facultatem
437 1428 454 1467 a
464 1410 532 1467 Deo
543 1419 678 1467 creatore
693 1408 853 1483 accepisse,
868 1408 999 1467 historice
1007 1421 1127 1468 certum

135 1509 187 1557 est.
229 1500 336 1557 Utrum
357 1516 429 1556 vero
450 1515 620 1556 sermonem
641 1497 705 1572 ipse
725 1496 972 1578 homolinvenire
993 1499 1127 1573 potuerit

135 1606 173 1644 au
195 1605 266 1659 non,
289 1587 382 1646 libere
404 1596 502 1662 potest
523 1588 714 1645 controverti.
757 1586 817 1644 Sed
838 1586 984 1661 quidquid
1005 1588 1065 1645 hac
1086 1587 1126 1643 de

135 1694 166 1734 re
177 1676 293 1748 dicitur,
308 1676 446 1751 profecto
460 1677 534 1734 salsa
548 1686 593 1735 est
606 1678 691 1744 ratio,
708 1686 832 1751 propter
847 1694 937 1750 quam
951 1676 990 1733 de
1004 1677 1124 1734 Bonald

133 1766 270 1825 homines
280 1784 449 1825 sermonem
459 1765 594 1825 invenire
603 1784 666 1823 non
675 1766 806 1840 potuisse
821 1765 978 1823 ostendere
989 1776 1123 1823 conatur.

134 1856 255 1914 Etenim
282 1857 306 1914 si
332 1855 392 1913 vim
419 1856 550 1914 nativam
571 1855 722 1926 attendaS,
750 1874 814 1913 non
838 1856 930 1913 verba
958 1855 1122 1926 scientiam,

134 1945 188 2002 sed
209 1945 332 2004 scientia
353 1946 445 2003 verba
465 1944 628 2020 praecedat
648 1962 772 2003 necesse
793 1953 837 2003 est
849 1946 866 2002 ¹.

195 2053 222 2107 3.
245 2035 359 2094 Contra
379 2035 580 2092 moderatiores
600 2034 847 2091 traditionalistas.

192 2118 220 2197 a)
242 2123 305 2180 Sibi
316 2126 373 2198 ipsi
384 2124 586 2181 contradicunt.
616 2123 695 2181 Nam
709 2123 854 2198 operatio,
871 2141 961 2196 quam
977 2123 1119 2194 elicimus,

132 2231 201 2270 curn
215 2212 453 2271 demonstramus
466 2213 621 2271 veritatem
636 2213 767 2288 aliquam
781 2212 1027 2286 metaphysicam,
1050 2225 1121 2288 puta

134 2321 201 2360 cum
231 2301 431 2360 exsistentiam
452 2302 511 2360 Dei
541 2319 577 2359 ex
606 2301 713 2359 ordine
740 2300 844 2358 mundi
874 2301 1121 2372 demonstramus,

134 2392 257 2449 omnino
286 2391 393 2450 eadem
421 2402 480 2462 est,
518 2390 747 2466 praesupposita
780 2390 963 2450 revelatione
999 2402 1030 2450 et
1059 2392 1122 2466 ipsa

133 2481 314 2539 revelatione
335 2500 398 2539 non
420 2481 580 2556 supposita.
624 2479 790 2538 Admittere
812 2497 885 2538 vero
906 2481 997 2537 talem
1019 2499 1121 2556 opera·
1158 2538 1159 2555 ,

132 2570 245 2628 tionem
274 2589 310 2628 ex
338 2589 390 2628 sua
417 2579 523 2627 natura
549 2578 617 2644 post
645 2568 859 2627 revelationem
886 2567 1011 2642 gignere
1040 2570 1121 2628 certi·
1158 2620 1159 2625 ,

132 2659 266 2718 tudinem
288 2660 319 2716 in
332 2670 441 2730 mente,
465 2677 532 2717 cum
552 2669 621 2716 ante
642 2659 855 2716 revelationem
869 2659 959 2716 talem
982 2660 1119 2717 effectum
1158 2670 1159 2731 l

133 2749 300 2822 producere
314 2767 377 2806 non
392 2747 528 2822 potuerit,
551 2746 633 2805 idem
647 2758 691 2806 est
705 2766 741 2804 ac
756 2746 857 2804 dicere
872 2747 1005 2822 aliquam
1019 2767 1119 2823 opera·
1158 2758 1159 2781 ³

132 2837 245 2895 tionem
272 2839 379 2896 mentis
407 2855 444 2895 ex
471 2855 524 2895 sua
550 2845 655 2894 natura
684 2855 749 2894 esse
777 2837 956 2911 probantem
984 2837 1072 2895 simul
1092 2848 1119 2895 et

132 2944 195 2984 non
216 2929 402 3001 probantem.
439 2926 531 3000 Quod
546 2937 591 2985 est
611 2925 732 3001 negatio
747 2925 837 3001 ipsius
851 2925 992 3001 principii
1007 2938 1119 2985 contra·

133 3015 273 3074 dictionis
283 3017 302 3074 ².

194 3217 202 3248 ¹
222 3219 260 3266 Cf.
280 3219 412 3280 Kouma,
431 3219 492 3266 Inst.
513 3219 591 3268 theol.
611 3235 636 3267 n.
659 3219 716 3267 116.
748 3219 825 3268 Pescla
843 3235 886 3282 op.
906 3219 949 3270 cit.
969 3220 1003 3280 II,
1024 3233 1084 3280 291.
1158 3270 1159 3275 ,

193 3295 203 3326 ²
222 3297 261 3344 Cf.
282 3297 369 3353 Stdckl,
389 3297 525 3345 Lehrbuch
546 3299 591 3345 der
610 3298 772 3361 Philosophie
791 3299 824 3358 II,
844 3299 904 3358 462.
