2350 3700
1044 28 1060 73 t

393 168 432 203 nu
451 167 513 203 rrsn
533 167 722 206 rronarrous.
999 170 1048 219 199

58 314 132 373 locis
159 325 370 389 argumentum
399 325 502 391 aptum
531 316 713 386 inveniatur,
744 326 774 374 et
801 326 872 373 tunc
899 317 958 375 hoc
987 333 1048 374 uno

58 414 234 478 argumento
249 403 397 463 contentis
411 405 492 462 nulla
506 405 564 462 alia
578 404 666 463 uobis
676 414 744 463 sunt
753 406 898 479 cogenda.
917 406 1048 479 Quando

56 503 155 551 autem
177 494 310 567 pluribus
330 511 347 551 e
368 492 443 551 locis
459 504 636 568 argumenta
650 492 725 551 sumi
739 504 871 569 possunt,
894 504 964 553 tunc
980 505 1048 569 apte

56 582 159 639 omnia
179 582 257 641 inter
278 600 310 640 se
330 592 397 640 sunt
411 582 588 641 ordinanda.
619 581 705 641 Ordo
719 600 792 641 vero
807 582 857 643 ille
871 594 1048 659 potestesse

54 672 102 729 vel
122 672 229 744 logicus
248 682 363 730 tantum
383 673 431 730 vel
446 672 661 748 psychologieus.

115 761 138 818 Ι.
162 760 294 833 Quando
315 760 396 819 enim
416 760 513 836 agitur
532 760 572 819 de
592 761 758 819 veritatibus
772 770 848 836 pure
861 762 1046 837 speculativis,

53 850 83 905 in
105 848 216 923 quibus
236 848 351 908 scilicet
371 848 562 907 admittendis
590 849 721 907 abstrahi
748 850 840 925 possit
868 851 906 909 ab
937 850 1047 909 influxu

51 937 223 1008 voluntatis,
245 938 334 996 unice
355 937 515 996 attenditur
535 938 575 997 ad
596 938 722 995 ordinem
742 940 867 1012 loginem.
904 939 964 1012 Qui
986 938 1048 1013 qui-

50 1028 124 1086 dem
145 1027 223 1086 ordo
245 1026 380 1086 consistit
398 1026 430 1084 in
459 1045 511 1098 eo,
542 1028 640 1102 quod,
669 1036 781 1087 attenta
809 1029 873 1085 sola
898 1027 1046 1087 activitate

49 1117 180 1189 mentis,
217 1117 318 1174 omnia
345 1126 414 1192 apte
442 1116 641 1192 disponuntur
668 1118 831 1176 secundum
858 1136 959 1176 veram
988 1135 1046 1176 me·

48 1207 180 1265 thodum
201 1206 404 1264 scientificam.
434 1205 524 1265 Cuius
545 1204 679 1264 methodi
700 1205 782 1281 leges
802 1205 978 1282 praecipuas
992 1206 1046 1265 has

17 1323 18 1370 3
48 1314 117 1354 esse
140 1294 267 1353 scimus:

17 1373 18 1390 ²
116 1405 143 1443 1.
173 1384 274 1442 Primo
294 1386 363 1442 loco
384 1386 503 1460 semper
528 1384 673 1460 ponenda
700 1394 767 1442 sunt
794 1401 845 1455 ea,
877 1402 954 1459 quae
981 1384 1046 1443 aliis

47 1472 225 1533 necessario
245 1483 534 1549 praesupponuntur.

17 1609 18 1622 ,
115 1583 143 1621 a.
174 1562 262 1620 Salvo
283 1562 343 1620 hoc
363 1562 463 1637 priore
483 1561 649 1637 principio,
678 1581 696 1619 a
724 1561 905 1621 facilioribus
932 1573 977 1621 est
1004 1562 1044 1620 in·

48 1651 236 1727 cipiendum.

114 1760 143 1814 3.
173 1739 285 1799 Omnia
314 1740 477 1799 secundum
506 1739 679 1815 disciplinas
709 1738 825 1815 logicae
856 1750 937 1799 recte
972 1739 1043 1798 divi-

50 1830 169 1902 dantur,
191 1839 224 1888 ut
238 1840 268 1888 et
281 1831 366 1900 ratio,
388 1830 541 1905 quomodo
561 1827 663 1888 omnia
677 1828 839 1888 scientifice
853 1828 1043 1902 cohaereant,

50 1919 226 1995 perspicere
247 1918 348 1994 possit,
370 1929 400 1977 et
419 1921 554 1978 memoria
574 1920 606 1976 in
626 1918 789 1977 retinendis
803 1919 852 1977 vel
866 1918 1043 1977 revocandis

50 2007 236 2083 argumentis
256 2007 419 2066 adiuvetur.

110 2099 150 2156 ΙΙ.
177 2097 432 2172 Quotiescumque
448 2105 548 2156 autem
562 2096 728 2172 propositio
743 2096 901 2172 probanda
915 2096 954 2155 de
968 2096 1041 2155 veri·
1064 2151 1066 2154 .

47 2187 160 2244 tatibus
182 2195 235 2256 est,
258 2204 332 2261 quas
352 2196 383 2244 ut
404 2196 499 2244 certas
520 2185 678 2244 admittere
697 2187 826 2245 solemus
840 2204 902 2244 non
916 2185 973 2244 nisi
988 2186 1041 2244 sub

47 2277 166 2350 influxu
186 2275 340 2333 voluntatis
360 2293 512 2334 assensum
532 2274 684 2333 suadentis
704 2275 751 2333 vel
772 2275 961 2350 imperantis,
984 2295 1042 2333 ma·

47 2364 130 2422 xime
151 2361 368 2423 attendendum
389 2374 434 2422 est
456 2364 495 2423 ad
523 2363 661 2423 ordinem
682 2364 912 2440 psychologicum.
956 2364 1041 2423 Ordo

48 2471 123 2512 vero
151 2452 202 2511 ille
229 2452 363 2510 consistit
389 2452 421 2509 in
446 2471 499 2524 eo,
529 2452 612 2529 quod
633 2452 734 2511 omnia
755 2462 824 2528 apte
845 2452 1042 2527 disponuntur

47 2560 113 2601 non
142 2543 237 2600 solum
265 2542 428 2600 secundum
456 2551 570 2600 motum
597 2541 778 2614 intellectus,
808 2542 861 2600 sed
889 2541 978 2600 etiam
999 2560 1042 2600 se·

48 2631 182 2689 cundum
203 2639 317 2688 motum
337 2630 495 2689 voluntatis
516 2630 700 2690 intellectum
726 2641 756 2689 et
783 2631 953 2707 passionem
980 2649 1042 2688 mo-

49 2719 192 2778 derantis.
220 2721 266 2776 Ita
285 2719 326 2792 fit,
347 2730 380 2778 ut
399 2738 634 2794 nonnumquam,
657 2718 804 2795 quidquid
823 2729 867 2778 est
881 2720 919 2779 de
935 2719 1040 2778 ordine

48 2809 160 2884 logico,
175 2808 273 2884 primo
287 2809 356 2867 loco
370 2819 450 2868 recte
465 2819 615 2885 ponantur
629 2819 804 2884 argumenta
818 2808 876 2880 illa,
891 2808 1040 2884 inquibus

50 2899 186 2957 voluntas
206 2897 300 2974 possit
319 2897 453 2957 invenire
474 2897 630 2970 rationem,
652 2907 884 2974 propterquam
898 2908 1038 2970 mentem,

49 2986 211 3063 propositis
232 2986 341 3046 deinde
363 2987 427 3045 aliis
448 2986 627 3058 rationibuS,
655 2987 694 3046 ad
722 2987 946 3046 adhaerendum
974 3004 1041 3063 pro-

50 3075 192 3151 positioni
212 3085 339 3134 moveat.
382 3075 473 3136 Cuius
494 3076 537 3135 rei
557 3075 695 3152 exempla
719 3095 783 3134 non
811 3094 878 3134 raro
904 3075 1039 3135 invenies

51 3166 132 3240 apud
157 3163 424 3241 praestantissimos
450 3166 625 3242 praesertim
652 3172 781 3224 oratores
807 3165 868 3224 sive
897 3165 1039 3242 profanos

52 3253 112 3312 sive
134 3269 250 3313 sacros:
278 3262 476 3329 saepenumero
496 3256 570 3312 enim
596 3255 627 3311 in
654 3254 753 3312 oreie'eee
779 3255 828 3312 illo
848 3255 1039 3330 pnehologico

52 3351 123 3400 recte
142 3345 269 3400 instituto
289 3350 349 3400 tota
363 3344 515 3417 fundatur
533 3345 577 3401 vis
598 3342 795 3417 disputationis
820 3342 867 3400 vel
891 3342 1036 3398 orationis.
