2350 3700
419 146 457 182 DE
477 146 665 183 POSlTlVISMO.
986 146 1032 182 121

105 313 132 368 3.
163 294 383 369 Argumentum
405 294 536 369 denique
558 293 597 351 ab
619 295 656 351 A.
677 294 784 353 Comte
805 311 843 352 ex
863 292 955 352 tribus
978 292 1037 350 ‹hi-

36 382 171 441 storiae»
202 382 335 459 periodis
364 383 553 459 desumptum
582 401 644 441 non
666 383 763 441 minus
786 382 904 441 incaute
924 392 970 441 est
989 401 1036 441 ex·

37 470 217 545 cogitatum.

105 572 221 628 Verum
243 570 364 646 quidem
385 580 430 629 est
449 569 582 630 diversos
596 569 719 629 diversis
732 568 917 646 temporibus
936 588 1037 646 saepe·

37 678 173 718 numero
185 660 271 718 fuisse
282 660 449 719 animorum
460 677 561 718 cursus
570 659 743 735 ingeniique
754 661 889 718 formam.
904 662 1037 736 Tempus

39 766 152 807 revera
168 748 229 821 fuit,
251 768 318 807 curn
333 748 498 825 disciplinis
512 748 689 824 theologicis
703 767 787 808 mens
802 748 939 826 apprime
959 758 1037 807 esset

41 837 177 909 addicta,
199 837 269 896 item
292 838 346 896 fuit
366 856 433 896 curn
455 837 689 915 metaphysicam
715 838 828 897 maiore
849 856 918 897 cum
939 837 1036 897 studio

42 928 183 986 colerent
191 928 338 1000 homines
354 945 442 1004 quam
457 927 565 986 nostris
575 926 758 1002 temporibus
767 926 851 985 multi
864 926 896 984 id
911 926 1035 986 faciunt:

42 1017 123 1074 haec
151 1016 254 1074 omnia
280 1016 420 1076 historice
449 1026 530 1075 certa
557 1026 633 1075 sunt.
682 1016 823 1075 Diversas
850 1026 950 1075 autem
972 1015 1037 1075 illas

45 1104 139 1162 animi
165 1104 284 1164 indoles
314 1106 483 1165 evolutione
515 1104 646 1181 quadam
673 1105 842 1164 necessaria
871 1104 1037 1164 intellectus

13 1204 15 1209 ’
46 1194 86 1251 ita
109 1194 165 1252 sibi
187 1194 376 1266 successisse,
398 1205 431 1253 ut
450 1194 583 1269 singulae
604 1194 725 1270 singulis
745 1194 884 1254 historiae
905 1194 1037 1272 periodis

46 1282 197 1341 exclusive
232 1284 341 1342 fuerint
374 1284 530 1361 propriae,
565 1284 631 1359 ipsa
660 1283 783 1342 historia
812 1283 898 1342 factis
927 1285 1037 1360 apertis

46 1381 147 1447 negat.
192 1373 307 1431 Omnes
329 1373 408 1431 enirn
429 1382 539 1431 norunt
560 1373 753 1432 Aristotelem
774 1391 799 1432 e.
819 1392 859 1448 g.,
881 1372 1037 1432 Alhertum

47 1464 204 1537 Magnum,
221 1463 361 1521 Sanctum
376 1462 549 1533 Doctorern,
565 1463 640 1521 alios
654 1480 752 1521 rerum
767 1462 1037 1540 metaphysicarum

45 1550 275 1623 amantissimos,
297 1552 421 1609 aliarum
442 1550 632 1611 scientiarum
652 1570 715 1610 non
735 1551 832 1611 minus
853 1551 941 1610 fuisse
962 1551 1037 1627 peri·

44 1640 185 1699 tissimos.
221 1643 328 1700 Iteme
350 1659 497 1700 converso
518 1641 628 1700 scimus
644 1641 818 1712 Cartesium,
840 1640 1036 1711 Leibnizium,

44 1730 162 1800 Pascal,
184 1731 306 1788 Pasteur
326 1731 416 1802 illurn,
438 1728 512 1789 alios
531 1749 595 1788 non
615 1749 728 1806 paucos
741 1730 830 1802 viros,
851 1730 883 1788 in
904 1729 1037 1807 positivis

45 1838 123 1894 quas
150 1831 262 1880 vocant
288 1819 419 1880 scientiis
439 1819 686 1897 perfectissimos,
715 1820 805 1880 rebus
827 1818 1037 1896 metaphysicis

45 1927 116 1967 cum
138 1929 243 1969 amore
271 1910 424 1970 studuisse.
466 1910 550 1969 Idem
578 1910 640 1969 dici
659 1919 758 1986 potest
785 1911 823 1969 de
844 1911 953 1969 affectu
974 1909 1038 1969 reli·

45 1999 133 2072 gioso
146 2001 164 2058 ¹.

115 2088 201 2162 Quae
221 2108 282 2147 cum
302 2091 344 2148 ita
363 2091 430 2159 sint,
445 2091 653 2167 positz'vismum
674 2098 707 2148 ut
725 2091 890 2148 sententiam
910 2091 1038 2147 ima'tam

48 2185 74 2235 et
94 2197 246 2237 erroneam
266 2180 403 2238 reicimus.

49 2393 153 2440 preuve,
174 2378 200 2424 ni
214 2378 291 2427 totale
304 2377 329 2426 ni
341 2379 464 2444 pertielle,
485 2379 530 2428 des
542 2379 635 2429 vetites
649 2379 811 2438 necessaires,
831 2379 892 2426 mais
905 2379 938 2427 de
950 2387 1039 2427 mettre

50 2454 64 2503 a
82 2466 159 2506 notre
177 2457 266 2522 porte'e
285 2458 322 2506 les
341 2459 478 2508 materiaux
497 2468 523 2508 et
541 2459 577 2508 les
596 2460 740 2524 specimens
758 2459 914 2524 exemplatifs
940 2459 1039 2518 voulus,

11 2551 13 2558 ’
50 2537 100 2585 alin
121 2553 172 2602 que
191 2538 375 2604 l’intelligence
394 2539 478 2604 puisse
497 2555 529 2588 en
548 2540 661 2599 extrahe,
681 2555 727 2604 par
745 2556 779 2587 un
799 2540 886 2588 travail
905 2540 1040 2588 d'abstrac·

49 2618 102 2666 tion
121 2627 148 2667 et
174 2618 207 2667 de
232 2619 369 2681 reflexion,
396 2620 442 2669 des
468 2619 515 2668 lois
541 2621 699 2684 superieures
725 2636 773 2668 aux
798 2620 943 2670 conditions
966 2619 1040 2684 parti·

49 2699 160 2747 aulieres
186 2707 212 2748 et
237 2700 414 2765 contingentes
439 2717 488 2766 que
514 2701 539 2749 la
563 2701 666 2750 matiere
691 2701 788 2765 impose
813 2718 862 2750 aux
880 2701 938 2749 faits
956 2702 1041 2750 obser-

50 2779 154 2829 vables»
177 2777 297 2842 (Mamer
314 2780 329 2830 l.
350 2797 372 2830 c.
392 2797 417 2846 p.
439 2778 513 2845 250).

114 2857 122 2889 ¹
146 2859 274 2908 «N'a-t-on
293 2876 340 2924 pas
358 2877 391 2909 vu
410 2861 434 2908 la
452 2860 578 2926 glorieuse
598 2861 669 2910 ecole
688 2861 869 2910 d'Alexandrie
886 2869 940 2909 tant
951 2876 1041 2908 remar-

51 2939 145 3003 quable
164 2955 212 3003 par
230 2956 258 2988 sa
276 2939 326 3000 foi,
352 2940 436 3006 reagir
453 2942 588 2990 fortement
606 2949 694 2990 contre
715 2941 753 2989 les
778 2941 953 3006 exagerations
979 2941 1041 2989 anti·

51 3018 224 3084 scientifiques
244 3020 275 3067 de
294 3019 384 3068 l'ecole
403 3021 534 3080 africaine3
561 3029 587 3070 et
606 3021 663 3070 unir
681 3020 862 3083 brillamment,
887 3036 919 3069 en
943 3020 969 3069 la
986 3037 1041 3086 per-

52 3117 132 3148 sonne
152 3099 185 3148 de
205 3115 245 3148 ses
263 3098 365 3149 maltres
384 3101 501 3150 Clement
518 3111 545 3151 et
564 3101 685 3166 Origene,
705 3100 730 3148 la
748 3102 848 3150 science
866 3101 892 3149 la
909 3101 966 3165 plus
984 3117 1041 3150 ana-

53 3182 147 3246 lytique
167 3180 213 3228 des
231 3179 322 3230 choses
341 3197 389 3230 aux
407 3181 575 3247 conceptions
593 3182 631 3229 les
649 3181 706 3244 plus
725 3181 872 3229 abstraites?
886 3217 891 3229 .
907 3218 912 3228 .
931 3217 937 3228 .
974 3182 1041 3244 Aug.

55 3263 145 3312 Comte
164 3261 298 3310 considere
315 3260 341 3308 la
359 3261 519 3310 decouvertev
530 3261 562 3308 de
581 3259 607 3307 la
623 3259 658 3307 loi
676 3259 708 3307 de
727 3259 752 3307 la
769 3259 919 3322 gravitation
946 3258 1043 3306 univer-

55 3342 124 3404 selle,
145 3356 244 3391 comme
262 3340 286 3389 le
305 3341 432 3405 triomphe
451 3341 483 3389 de
502 3341 527 3388 la
545 3338 665 3387 methodo
683 3338 806 3401 positive:
825 3336 850 3385 le
868 3337 942 3399 genie
960 3334 1004 3396 qui
1019 3334 1044 3380 la
