2350 3700
340 161 378 196 DE
399 160 542 196 METRODO
561 159 745 198 DISPUTANDI.
984 161 1035 211 203

34 307 198 381 sequentia
227 307 273 366 his
300 308 415 367 verbis:
446 307 531 382 Nego
558 326 723 386 consequens
750 315 778 365 et
806 311 1033 384 consequentiam,

32 404 61 452 ot
79 398 246 472 explico.»¹

94 487 128 543 Si
149 485 258 544 vitium
279 488 350 544 latet
371 485 402 542 in
423 497 558 545 extremo
578 486 693 545 maiore
713 489 761 545 vel
782 486 913 559 minore,
935 487 1035 547 distin·

33 575 158 649 gnenda
179 574 239 634 erit
260 575 432 651 praemissa,
454 575 485 632 in
507 593 566 651 qua
582 574 659 633 inest
674 585 837 634 extremum
852 576 1033 652 ambignum,

31 674 60 721 et
81 682 236 723 concessa
257 665 352 722 altera
373 674 403 722 et
423 681 569 723 concessa
589 664 813 739 consequentia,
838 665 1035 741 distinguetur

32 771 231 828 consequens
257 753 391 812 diceudo
418 752 609 828 simpliciter:
640 754 816 828 «Distingno
840 771 1033 830 consequens»,

30 841 79 899 cui
100 842 295 901 distinctioni
315 841 486 901 enuntiatae
508 842 642 901 additur:
667 849 713 900 «et
731 843 864 919 explico».

92 932 127 990 Si
150 942 292 990 remanet
312 931 435 990 alicuius
456 931 575 990 termini
597 931 782 1008 ambiguitas,
805 932 931 992 addetur
948 932 1034 992 huius

29 1021 156 1080 termini
177 1023 380 1080 subdistinctio.
403 1052 442 1060 -
464 1021 495 1079 Si
512 1020 585 1097 quid
599 1021 772 1097 negandum
786 1033 839 1093 est,
862 1021 921 1081 dici
936 1033 1034 1098 potest

31 1111 172 1185 «Nego»,
188 1113 239 1170 vel
254 1111 452 1169 moderatius:
477 1110 567 1169 «Non
580 1119 729 1187 apparet»,
745 1113 808 1170 vel:
834 1113 920 1170 «Peto
929 1114 1033 1188 probo·

29 1203 169 1270 iconem»,
191 1202 257 1259 vel:
283 1201 416 1258 «Faveas
429 1201 557 1276 probare
577 1202 713 1258 minorem
731 1202 953 1277 subsumptam»,
975 1211 1031 1260 etc.

28 1289 141 1362 Maior,
159 1300 193 1348 ut
203 1289 373 1366 plurimum,
387 1289 493 1364 negari
501 1308 565 1348 uon
575 1289 675 1360 debet,
691 1308 759 1348 cum
769 1307 986 1366 saepenumero
997 1289 1033 1349 sit

29 1379 224 1454 principium
238 1378 376 1446 omnibus
391 1377 522 1437 evidens.
543 1378 635 1437 Unde
649 1379 688 1452 fit,
704 1389 736 1437 ut
750 1397 787 1438 ex
800 1378 863 1438 eius
872 1379 1032 1455 negatione

28 1468 150 1544 aliquid
170 1467 300 1528 iniuriae
321 1467 353 1526 in
375 1477 551 1543 arguentem
578 1467 747 1526 redundare
777 1467 877 1544 possit.
921 1467 1032 1542 Quare,

27 1558 48 1615 si
68 1557 278 1616 nihilominus
298 1557 439 1632 neganda
459 1567 538 1615 esset
558 1556 668 1628 maior,
698 1575 751 1615 usu
777 1556 914 1629 invaluit,
944 1569 975 1616 ut
1001 1557 1033 1616 in

26 1645 289 1723 disputationibus
309 1645 549 1705 sollemnioribus
569 1645 738 1705 defendens
765 1645 822 1704 hac
849 1655 946 1704 utatur
975 1647 1032 1705 for-

24 1737 127 1794 mula:
154 1735 263 1809 «Nego
282 1737 433 1803 maiorem,
459 1736 542 1794 solva
561 1736 703 1792 amicitia»
728 1729 786 1810 (vel
806 1737 983 1804 reverentia,
1007 1735 1030 1793 si

25 1844 165 1903 arguens
188 1824 228 1884 sit
248 1819 387 1901 dignior).

89 1916 126 1974 Si
149 1916 294 1973 alterutra
310 1914 474 1990 praemissa
487 1913 662 1989 simpliciter
675 1925 810 1989 negatur,
831 1915 951 1974 ulterius
965 1933 1031 1991 pro·

25 2005 146 2065 cedere
169 2023 248 2079 opus
268 2014 411 2075 nonest,
440 2003 494 2062 sed
522 2004 658 2079 arguenti
687 2003 832 2063 incumbit
860 2023 935 2063 onus
964 2023 1031 2080 pro·

24 2094 127 2153 bandi
150 2104 296 2167 negatam
316 2092 518 2168 praemissam.

88 2182 227 2257 Quoties
247 2199 319 2240 vero
340 2181 578 2257 propositionem
600 2181 731 2258 aliquam
745 2182 906 2258 distinguit,
929 2182 1030 2242 defen·

22 2272 116 2331 denti
132 2272 219 2347 leges
233 2270 398 2329 servandae
411 2280 488 2342 sunt,
504 2288 581 2346 quae
596 2271 655 2329 hoc
668 2270 814 2330 versiculo
824 2271 1029 2331 continentur:

22 2362 139 2430 demde,
162 2360 259 2435 defini,
282 2360 400 2430 concede,
422 2367 532 2433 negato,
548 2360 679 2435 probato.

86 2449 210 2508 Dioide
229 2448 384 2521 videlicet,
416 2450 463 2507 vel
483 2449 632 2524 distingue
653 2449 865 2525 propositionis
892 2449 952 2508 vim
980 2450 1030 2509 du·

20 2540 165 2616 plicem3
187 2538 282 2614 defini,
304 2539 352 2597 vel
365 2538 482 2614 explica
495 2548 672 2613 utrumque3
693 2539 803 2597 concede
815 2537 1029 2615 propositionis

21 2640 154 2706 partem
176 2646 296 2701 veram,
316 2634 418 2701 negato
438 2623 560 2702 falsam3
581 2637 611 2687 et
625 2629 758 2703 probato,
779 2628 910 2687 breviter
928 2628 1029 2688 adiun-

21 2737 107 2795 gens
131 2716 290 2789 rationem,
312 2734 365 2775 cur
384 2716 550 2792 negaveris.

89 2809 257 2865 Praeterea
284 2824 443 2865 occurrere
470 2816 584 2882 potest,
613 2817 644 2865 ut
671 2808 843 2882 negandum
864 2807 900 2866 sit
921 2826 1028 2884 suppo-

22 2898 122 2956 situm
150 2894 277 2970 aliquod
304 2895 424 2967 falsum,
453 2895 484 2953 in
513 2896 734 2972 enthymemate
755 2917 782 2954 v.
804 2915 832 2972 g.
862 2897 1026 2973 propositio

22 2986 136 3044 animo
151 2994 279 3056 retenta,
300 2993 371 3043 tunc
385 2984 547 3044 dicendum
560 2995 620 3045 est:
646 2985 747 3059 «Nego
763 2988 960 3062 suppositum.»
991 2989 1027 3045 In

24 3083 216 3151 argumento
237 3094 256 3132 a
276 3074 341 3149 pari
361 3076 502 3150 neganda
523 3085 568 3134 est
587 3074 737 3133 interdum
766 3076 890 3152 paritas:
926 3075 1027 3149 «Nego

19 3166 218 3241 paritatem».

95 3344 105 3376 ¹
124 3346 205 3394 Pcrclz
223 3344 241 3395 l.
260 3360 281 3393 c.
302 3361 326 3407 p.
348 3344 407 3393 228.
