2350 3700
182 159 222 195 DE
241 158 369 196 ACTIONE
388 160 424 195 ET
443 158 482 195 DE
501 159 637 197 PASSIONE
657 159 719 196 srvE
740 160 777 197 DE
797 159 902 197 CAUSIS.
987 158 1036 211 307

113 321 138 358 2.
160 302 286 358 Ratione
298 318 370 359 vero
384 300 513 375 perfecte
525 302 602 360 haec
622 301 687 376 ipsa
700 301 808 362 veritas
822 300 931 361 eodem
946 302 1038 361 modo

53 390 216 449 ostenditur
237 410 275 449 ac
294 389 401 449 veritas
421 389 562 466 principii
583 400 688 449 motus.

110 478 268 554 Quidquid
298 479 379 537 enim
412 479 451 537 de
481 480 739 539 non-exsistendo
771 480 809 538 ad
839 479 1038 539 exsistentium

53 568 162 641 transit,
185 579 230 627 est
249 568 281 627 in
299 568 433 645 potentia
447 568 486 627 ad
501 578 599 628 aetum
614 568 801 627 exsistentiae
815 568 1038 644 acquirendum.

53 660 161 717 Actum
187 657 270 716 illum
299 657 428 732 proinde
449 675 511 716 non
532 659 637 730 habet,
668 657 801 733 alioquin
828 676 891 716 non
913 669 989 717 esset
1008 658 1040 717 in

52 747 185 823 potentia
212 746 387 818 exsistendi,
416 747 469 805 sed
499 746 559 805 iam
588 758 666 807 esset
693 756 760 807 actu
788 746 938 806 exsistens.
981 747 1041 806 Sed

53 836 199 912 quidquid
218 845 318 895 aetum
345 835 531 895 exsistentiae
552 837 738 908 nonhabet,
768 836 865 911 ipsum
892 836 948 895 sibi
968 836 1040 895 dare

52 942 113 986 nou
133 936 242 1002 potest.

110 1010 139 1090 a)
168 1016 295 1091 Propter
322 1014 451 1073 rationes
479 1016 635 1089 'generales
662 1014 722 1073 iam
750 1033 838 1090 supra
863 1025 1041 1073 memoratas

52 1100 90 1179 (p.
116 1119 192 1178 230:
217 1122 324 1163 «nemo
346 1103 398 1161 dat
419 1104 501 1179 quod
522 1121 585 1162 non
607 1099 736 1179 habeo).

19 1191 20 1268 ζ
110 1188 143 1267 b)
166 1196 203 1251 In
223 1194 329 1269 specie·
344 1210 416 1251 vero
438 1193 539 1267 quoad
553 1192 754 1252 exsistentiam
774 1195 833 1251 hoc
854 1192 978 1251 omnino
999 1210 1042 1251 re·

19 1273 20 1360 i
51 1292 176 1359 pugnat.

19 1435 20 1461 ,
110 1365 142 1445 α)
165 1373 279 1446 Ageret
292 1371 373 1429 enim
386 1382 548 1447 antequam
562 1382 647 1443 esset,
669 1372 721 1429 sed
730 1389 815 1445 agere
827 1373 961 1447 sequitur,
979 1390 1041 1429 non

19 1485 20 1552 p
50 1461 217 1535 praecedit,
239 1478 303 1518 esse.

19 1563 20 1602 t
112 1545 141 1625 β)
157 1551 324 1622 Praeterea,
340 1549 365 1607 si
378 1549 578 1609 exsistentiam
587 1551 713 1609 haberet
727 1567 794 1621 ase,
810 1549 904 1625 ipsam
919 1550 1043 1608 haberet

51 1641 87 1697 ab
103 1638 244 1711 essentia,
265 1647 403 1714 quatenus
410 1640 553 1715 possibili·
566 1646 624 1709 cst,·
645 1639 698 1697 sed
713 1638 737 1697 si
751 1638 878 1697 essentia
899 1649 1043 1713 quatenus

51 1727 204 1803 possibilis
231 1738 290 1800 est,
319 1728 396 1786 ratio
423 1739 502 1787 esset
527 1727 678 1787 sufficiens
705 1728 906 1799 exsistentiae,
938 1745 1043 1786 omnes

52 1817 201 1877 essentiae
214 1816 371 1894 possibiles
385 1828 454 1876 actu
468 1816 648 1890 exsisterent,
669 1816 760 1876 immo
776 1817 877 1876 omnia
890 1816 1043 1877 individua

52 1907 189 1966 eiusdem
203 1907 348 1966 essentiae
363 1906 548 1966 exsisterent:
571 1907 654 1982 quod
669 1917 772 1982 aperte
793 1905 994 1983 experientiae
1014 1917 1043 1965 et

53 1996 165 2055 rationi
187 1995 373 2054 contradicit.
644 2045 646 2050 .

112 2087 199 2162 Ergo
228 2085 374 2161 quidquid
402 2095 501 2143 actum
529 2084 715 2144 exsistentiae
743 2085 931 2156 nonhabet,
963 2084 1043 2144 illum

53 2175 109 2233 sibi
131 2175 205 2233 dare
226 2192 287 2232 non
309 2185 416 2250 potest,

112 2263 223 2338 Neque
244 2281 263 2320 a
282 2262 377 2323 nihilo
398 2263 494 2339 ipsum
515 2264 628 2322 habere
649 2273 764 2338 potest3
786 2263 817 2322 in
839 2262 932 2322 nihilo
954 2262 1042 2334 enim,

51 2353 113 2410 iam
134 2352 284 2411 multoties
304 2351 432 2411 diximus
454 2348 493 2427 (p.
511 2369 565 2425 217
583 2361 612 2410 et
629 2347 706 2427 230),
728 2353 810 2410 nulla
830 2351 948 2411 essendi
969 2351 1044 2409 ratio

52 2442 214 2501 invenitur.

112 2532 268 2590 Invenitur
294 2530 423 2606 proinde
450 2531 526 2589 haec
547 2529 622 2588 ratio
643 2529 674 2588 in
696 2530 769 2602 alio,
798 2531 839 2589 ita
860 2540 891 2588 ut
911 2529 983 2588 reali
1004 2529 1046 2586 in·

50 2621 133 2679 fluxu
160 2621 200 2679 ab
220 2622 279 2679 hoc
299 2621 359 2678 alio
387 2619 586 2679 exsistentiam
608 2637 690 2678 suam
720 2617 860 2695 recipiat3
889 2619 944 2677 nisi
965 2619 1045 2677 enim

51 2711 112 2768 hoc
142 2709 215 2768 reali
235 2709 345 2767 influxu
367 2707 568 2768 exsistentiam
586 2708 625 2766 ab
653 2708 719 2784 ipso
740 2709 905 2786 acciperet,
933 2709 1045 2766 nullam

51 2817 123 2856 cum
152 2816 189 2857 eo
218 2798 394 2857 relationem
414 2798 553 2868 haberet,
583 2807 613 2856 et
640 2797 767 2872 proinde
788 2797 861 2856 illud
889 2796 969 2856 aliud
990 2796 1046 2873 ipsi

52 2896 133 2946 esset
153 2907 189 2946 ae
211 2887 319 2946 sinon
340 2897 426 2947 esset.

114 2976 175 3035 Sed
187 2995 242 3046 res,
263 2995 336 3057 quac
349 2977 410 3046 olii,
431 2977 507 3034 reali
518 2977 641 3050 influxu,
664 2977 854 3034 exsistentiam
868 2977 981 3045 tribuit,
1004 2975 1045 3034 di·

49 3069 128 3124 citur
148 3069 208 3124 eius
228 3085 313 3124 causa
337 3065 471 3142 efficiens.

116 3157 214 3231 Ergo:
237 3155 328 3214 Mitt
341 3156 380 3229 fit
398 3157 458 3213 sinc
471 3173 565 3223 causa,
586 3156 650 3213 vel:
673 3153 764 3212 Nihil
775 3156 808 3212 de
823 3155 1046 3212 non-exsistendo

48 3245 99 3301 ad
108 3245 295 3304 exsistentium
309 3245 424 3312 transit,
445 3245 513 3319 quin
527 3245 565 3300 sit
577 3244 690 3316 aliquid
700 3244 787 3311 aliud,
810 3262 829 3299 a
843 3261 897 3316 quo
917 3244 1046 3299 exsisten-

49 3335 128 3390 tiam
148 3337 274 3409 accipiat.
1141 3363 1159 3396 x

828 3438 861 3472 20
871 3426 885 3455 ¹¹¹
