2350 3700
100 142 155 193 390
295 141 333 177 DE
353 140 451 176 causts
471 138 612 175 surtams
632 138 731 175 MUNDI
750 138 897 175 CORPOREI.

158 308 186 361 3,
215 288 346 347 Mundus
376 305 413 346 eo
443 288 525 362 ipso,
556 286 639 361 quod
667 304 704 344 ex
730 304 794 343 non
822 284 991 362 interrupta
1021 286 1097 346 sen'e

98 377 339 437 coexsistentium
360 391 522 451 corporum
541 374 735 446 constituitur,
757 386 802 434 est
816 376 940 433 extensio
953 376 1097 451 quaedam

49 488 52 494 ’
98 468 234 537 amaon
260 466 314 525 sed
342 466 424 524 nulla
451 463 584 523 extensio
612 464 734 523 actualis
762 464 876 522 infinita
899 482 966 523 esse
996 475 1098 541 potest

99 550 139 631 in·
162 572 217 631 35Ι
235 550 301 630 su)-

485 659 652 706 Anrrcuuus
672 669 702 705 11.

228 773 277 821 DE
295 773 425 823 MUNDO
444 772 677 821 FORMALITER
697 771 960 840 CONSIDERATO.

158 896 297 972 Corpora
325 894 411 955 huius
440 895 545 955 mundi
573 914 636 954 non
672 896 767 953 solum
797 894 940 953 finalitate
971 895 1024 953 illa
1055 898 1097 953 in-

99 986 221 1043 trinseca
240 985 377 1061 praedita
397 994 472 1056 sunt,
495 985 534 1044 de
555 1003 616 1059 qua
637 1002 726 1059 supra
740 978 780 1059 (p.
797 978 865 1058 363)
881 984 1018 1057 diximus,
1042 984 1098 1043 sed

99 1077 285 1133 extrinsecam
314 1076 399 1131 etiem
429 1074 602 1132 finalitatem
632 1082 736 1149 aperte
766 1073 964 1132 manifestant.
1018 1074 1097 1133 Cum

100 1163 181 1221 enim
201 1162 233 1221 in
253 1164 408 1239 proprium
428 1164 520 1222 tinem
540 1162 681 1234 tendunt,
704 1163 743 1222 ad
764 1162 796 1222 id
817 1162 931 1221 directa
952 1174 1036 1235 sunt,
1065 1174 1098 1221 ut
1169 1174 1170 1195 ³

99 1252 157 1310 alia
177 1252 303 1311 aliorum
323 1252 431 1311 finibus
451 1251 621 1312 inserviant.
664 1254 709 1309 Ex
731 1271 791 1326 qua
815 1252 958 1310 finalitate
985 1252 1098 1310 extrin-

100 1358 169 1399 seca
197 1341 290 1400 oritur
316 1342 459 1401 mirabilis
486 1341 538 1399 illa
560 1358 722 1417 corporum
743 1339 877 1399 omnium
897 1340 995 1400 unitas
1017 1342 1096 1400 acci·

100 1429 240 1502 dentalis,
270 1449 359 1506 quam
386 1449 529 1490 vocamus
549 1432 687 1488 unitatem
707 1430 815 1487 ordinis
834 1436 959 1487 naturae
979 1432 1028 1489 vel
1050 1450 1095 1488 or·
1169 1482 1170 1497 ,

99 1520 191 1577 dinem
212 1527 340 1577 naturae.
381 1520 472 1578 Cuius
496 1519 610 1579 ordinis
638 1517 808 1577 exsistentia
835 1528 865 1577 et
893 1518 1096 1594 proprietates
1169 1546 1170 1563 κ

103 1608 164 1666 iam
184 1618 251 1667 sunt
272 1608 519 1667 considerandae.

301 1774 319 1840 ξ
341 1791 363 1827 1.
395 1780 438 1827 De
458 1778 624 1827 exsistentia
642 1777 748 1826 ordinis
767 1784 891 1826 naturae.

166 1902 245 1960 Ordo
265 1901 430 1978 generatim
451 1901 605 1972 definitur,¹
620 1911 652 1960 ut
673 1901 723 1960 sit:
746 1909 815 1977 opto
835 1901 979 1976 dispositio
998 1902 1102 1960 medeo-

101 2010 166 2048 rum
186 1991 229 2048 ad
243 1991 343 2065 finem
386 1992 450 2048 Iam
477 2009 550 2050 vero
578 2007 644 2050 esse
673 1989 811 2048 ordinem
838 1990 870 2046 in
890 1988 1020 2062 mundo,
1051 2008 1100 2049 res

102 2079 215 2139 scilicet
235 2079 402 2138 mundanas
423 2097 486 2138 esse
509 2089 577 2155 apte
600 2078 758 2155 dispositas
778 2078 819 2138 ad
839 2089 936 2156 certos
957 2079 1041 2151 fines,
1067 2081 1099 2136 in

102 2170 197 2227 multis
217 2168 373 2228 manifeste
392 2169 480 2227 nobis
494 2179 627 2244 apparet.
663 2169 734 2226 Non
749 2166 957 2227 contendimus
971 2166 1096 2242 quidem

102 2258 134 2316 in
162 2257 299 2316 omnibus
326 2258 406 2316 hanc
433 2257 605 2316 finalitatem
632 2275 697 2316 esse
724 2257 858 2332 perfecte
879 2276 898 2314 a
917 2255 1007 2317 nobis
1030 2275 1097 2331 per·

103 2356 252 2423 spectam,
282 2364 349 2405 cum
370 2347 574 2423 coguitionem
602 2345 687 2404 huius
710 2344 896 2424 mundinon
917 2344 1011 2404 modo
1031 2363 1097 2403 non

104 2436 390 2512 comprehensivam,
413 2434 466 2494 sed
487 2453 526 2494 ne
547 2435 745 2510 adaequatam
763 2433 886 2508 quidem
899 2433 1064 2512 habeamus
1079 2435 1096 2492 ¹.
1169 2453 1170 2460 ¹

104 2525 164 2585 Sed
187 2526 218 2583 in
239 2525 290 2597 iis,
319 2544 396 2599 quae
417 2543 522 2584 revera
542 2523 767 2602 cognoscimus,
795 2523 933 2582 ordinem
950 2523 1097 2586 ,eximium
1169 2529 1170 2532 ’

105 2615 246 2690 effulgere
275 2612 429 2672 evidenter
448 2612 608 2671 videmus.¹
634 2611 754 2671 Etenim
776 2611 800 2670 si
822 2613 1020 2690 complexum·
1034 2628 1098 2671 om·

106 2705 187 2762 nium
208 2714 380 2762 naturarum
401 2703 651 2778 contemplamur,
674 2701 740 2772 sive
761 2696 890 2776 quaein
912 2700 1011 2773 caelis,
1034 2701 1099 2760 sive

105 2812 182 2869 quae
204 2793 234 2850 in
256 2804 343 2860 terra,
366 2793 426 2851 sive
449 2790 577 2866 quaein
598 2790 673 2848 mari
694 2800 769 2868 sunt,
791 2785 925 2850 'videmus
946 2809 994 2849 res
1006 2787 1098 2865 mun·

105 2883 198 2941 danas
226 2882 367 2940 finalitate
395 2881 444 2938 illa
472 2879 637 2939 extrinseca
663 2897 753 2937 unum
776 2879 894 2938 efficere
916 2879 1098 2940 ordinatissi-

105 2990 187 3030 mum
208 2981 343 3046 systema.

165 3060 222 3116 His
243 3060 323 3116 enim
350 3057 382 3114 in
406 3059 491 3116 terris
511 3059 589 3117 vires
611 3057 854 3136 singulorum-ita
875 3047 1096 3139 consociantur,
1169 3127 1170 3130 Ἴ

105 3156 136 3200 ut
158 3145 312 3216 quodlibet
332 3163 394 3214 ens,
417 3147 488 3202 dum
509 3145 540 3202 in
554 3145 710 3219 proprium
724 3145 819 3204 tendit
837 3146 937 3217 finem,
959 3146 1096 3218 aliorum,

167 3311 175 3339 ¹
194 3314 234 3358 De
251 3315 394 3375 cognitione
408 3317 549 3380 adaequata
561 3328 587 3366 et
600 3320 812 3384 comprehensiva
824 3323 999 3388 oideLogica
1012 3322 1045 3389 p.'
1058 3337 1097 3388 19.
1169 3349 1170 3376 1
