2350 3700
432 787 545 848 Lrsnn
567 787 591 849 Ι.

117 1009 119 1012 y
223 920 286 980 nn
303 881 408 982 usn
430 919 803 1015 unricus—anns.

440 1081 549 1139 Canus
571 1098 590 1138 1.

241 1203 372 1262 NOTIO
394 1204 514 1262 ENTIS
536 1204 790 1263 EVOLVITUR.

414 1353 579 1401 Anrrcuaus
600 1365 618 1402 r.

36 1448 37 1543 l
58 1464 234 1526 QUOMODO
254 1464 349 1513 MENS
366 1465 559 1514 NOTIONEM
578 1465 682 1514 ENTIS
702 1465 768 1513 SIBI
787 1465 977 1513 EFFORMET

36 1549 37 1567 *
400 1546 635 1595 OSTENDITUR.

263 1682 282 1748 ξ
304 1699 324 1734 1.
356 1688 399 1735 De
418 1686 532 1735 notione
552 1686 625 1734 entis
645 1686 748 1734 directa
758 1683 775 1734 ¹.

83 1809 103 1866 Ι.
134 1808 253 1867 Omnia
273 1827 349 1883 quae
370 1826 475 1869 revera
496 1809 644 1881 exsistunt,
673 1820 702 1869 et
723 1827 799 1885 quae
822 1819 945 1885 possunt
966 1827 1012 1867 ex·

35 1896 136 1969 sistere,
167 1900 256 1956 Deus
275 1909 306 1956 et
325 1910 493 1971 creaturae,
515 1900 547 1956 in
567 1918 621 1957 suo
643 1917 706 1957 esse
728 1898 925 1957 determinata
946 1909 1013 1956 sunt

35 1988 117 2045 modis
130 1986 316 2062 specialibus
325 1988 452 2059 essendi,
468 1988 574 2063 quibus
589 1988 647 2045 alia
661 1989 699 2045 ab
709 1988 772 2047 aliis
786 1988 1010 2063 distinguantur.

35 2074 71 2133 Sic
90 2078 175 2135 Deus
206 2086 252 2134 est
272 2095 325 2135 ens
345 2078 456 2153 infim‘te
474 2078 656 2153 perfectum,
686 2088 821 2136 creatura
840 2096 928 2148 ver0,
959 2095 1013 2135 ens

35 2167 117 2222 nsuo
132 2184 202 2224 esse
218 2166 377 2223 limitatum.
414 2167 463 2224 Sic
477 2167 552 2242 lapis
574 2176 618 2224 est
639 2186 692 2225 ens
713 2176 891 2242 corporeum
912 2165 1012 2223 anima

35 2255 159 2326 lunana,
185 2274 241 2313 ens
254 2256 410 2330 spirituale.
440 2256 526 2327 Quae
541 2256 650 2327 omnia,
667 2256 801 2331 quamvis
816 2255 1014 2314 determinata

35 2353 51 2400 et
69 2343 225 2415 distincta,
248 2345 430 2402 conveniunt
449 2354 551 2403 tamen
565 2344 643 2403 inter
664 2364 695 2403 se
716 2356 745 2403 et
760 2344 955 2403 assimilantur
977 2362 1014 2401 ex

35 2448 67 2500 30,
89 2434 179 2508 quod
201 2443 269 2491 sunt
290 2434 402 2508 aliquid
417 2435 448 2490 in
465 2434 563 2491 ordine
583 2434 626 2490 ad
642 2435 846 2492 exsistentium:
867 2433 1014 2509 quidquid

35 2523 98 2579 inim
120 2522 316 2596 intellegetur
343 2530 377 2579 ut
395 2523 518 2597 aliquid,
548 2541 584 2581 ex
609 2524 669 2580 hoc
697 2524 762 2598 ipso
783 2522 962 2597 intellegitur
983 2532 1014 2579 ut

35 2628 81 2667 ron
109 2630 304 2687 repugnans,
334 2611 394 2668 hoc
414 2621 471 2682 est,
500 2612 539 2670 ad
561 2611 761 2670 exsistendum
790 2611 891 2687 aliquo
921 2612 1014 2669 modo

35 2700 207 2758 »minatum

77 2792 188 2847 Potest
208 2807 281 2863 ergo
302 2790 447 2847 humanus
460 2788 636 2858 intellectus,
659 2809 715 2847 non
729 2790 909 2847 comederetis
923 2790 1015 2847 variis

35 2897 52 2934 vc
68 2880 199 2937 dz'rrcrsz's
219 2879 323 2947 modis,
345 2879 509 2937 secundum
531 2896 606 2953 quos
628 2896 674 2936 res
696 2878 945 2949 determinantur,
977 2880 1015 2937 ab

35 2967 61 3025 ris
86 2968 236 3026 omnibus
263 2987 350 3025 unum
375 2974 530 3043 conceptum
558 2968 685 3040 collegere
715 2967 931 3043 exprimentem
960 2986 1016 3041 per

35 3057 146 3115 rodum
178 3056 263 3114 unius
291 3055 403 3131 aliquid
430 3057 544 3115 habens
573 3056 710 3114 ordinem
739 3056 778 3114 ad
807 3056 1014 3127 exsistendum,

78 3250 202 3300 ¹Huius
220 3251 290 3299 vocis
309 3249 482 3299 definit-ionem
501 3250 585 3298 recole
605 3265 636 3297 ex
663 3249 736 3296 dictis
763 3250 787 3295 in
806 3248 904 3311 logica,
932 3264 957 3309 p.
983 3260 1012 3294 21

35 3343 42 3381 t
60 3346 95 3394 23
118 3349 162 3395 sq.

71 3424 277 3472 Reinstadler,
291 3422 360 3462 Elem.
377 3423 454 3472 philos.
470 3422 538 3462 schol.
560 3420 578 3459 1.
826 3426 855 3470 14
