2350 3700
19 305 24 370 ‘r

20 471 26 564 i

19 1041 24 1096 t

360 129 399 163 DE
417 128 492 165 new
510 129 547 165 ET
566 128 605 165 Da
624 124 771 164 POTENTIA.
1005 128 1056 175 219
1157 172 1158 181 ἵ

20 275 21 284 ’
78 293 158 350 super
171 276 303 338 rationes
317 285 385 334 sunt
398 276 482 350 quasi
497 276 735 335 fimdamentales
749 276 836 335 totius
850 275 1057 351 philosophiae

79 364 273 423 scholasticae.

462 473 627 519 Anarcunus
648 484 665 520 r.

310 585 358 633 DE
377 585 472 634 ACTU
491 586 536 634 ET
556 585 605 633 DE
624 585 812 635 POTENTIA.

130 700 276 759 Notiones
297 710 380 759 actus
401 713 431 760 et
451 702 617 777 potentiae,
640 720 707 759 cnm
728 701 768 759 de
788 702 892 777 primis
912 701 987 760 entis
1008 700 1058 759 de·

79 789 327 848 terminationibus
354 789 427 861 sint,
456 809 550 866 genus
577 789 699 866 proprie
720 790 832 848 dictum
853 808 915 848 non
935 790 1056 848 habent.

78 878 199 937 Proinde
220 880 321 937 stricte
342 879 458 937 definiri
477 898 542 938 non
562 890 692 956 possunt.
735 880 969 955 Comparatione
991 896 1058 955 pro·

77 966 141 1025 inde
161 979 191 1026 et
211 968 357 1027 divisione
378 978 538 1043 utcumque
559 980 627 1027 sunt
647 968 855 1027 declarandae.

349 1134 367 1201 ξ
389 1151 410 1186 1.
442 1138 585 1187 Nationes
604 1139 781 1188 evolvuntur.

129 1253 225 1309 Actus
245 1252 411 1327 generatim
432 1271 497 1311 sese
518 1252 609 1311 habet
630 1252 669 1311 ad
696 1254 862 1329 potentiam
889 1253 964 1312 sicut
994 1270 1058 1328 per·

70 1340 173 1399 ficiens
195 1340 234 1398 ad
254 1341 450 1416 perfectibile.

128 1429 219 1486 Actus
240 1430 319 1487 enim
341 1431 448 1489 dicitur
469 1433 571 1488 entitas
585 1433 734 1507 perficiens
754 1438 783 1487 ct
796 1432 985 1489 determinans
998 1448 1058 1487 rem

68 1523 99 1576 in
119 1538 171 1576 sna
191 1519 296 1575 araim.
340 1520 389 1578 Sic
410 1537 436 1578 e.
459 1539 487 1595 g.
509 1521 558 1592 id,
580 1538 641 1595 qno
662 1520 878 1596 hydrogenium
901 1530 931 1578 et
952 1537 1058 1595 oxyge·

68 1610 162 1679 nium,
180 1607 283 1666 debito
297 1608 389 1667 modo
404 1610 583 1680 combinata,
600 1610 639 1667 ita
653 1610 888 1669 determinantur
902 1620 931 1668 et
945 1608 1058 1685 perfici-

68 1707 165 1767 untur,
189 1707 222 1754 nt
242 1698 300 1755 sint
320 1716 398 1772 aqua
419 1709 449 1756 et
468 1716 532 1756 non
552 1699 632 1758 aliud
653 1700 826 1774 quicquam,
849 1699 956 1757 dicitur
976 1707 1057 1755 actus

68 1804 174 1864 aquae,
191 1786 267 1844 sicat
280 1786 319 1859 id,
335 1805 395 1863 quo
409 1786 627 1864 hydrogenium
641 1788 862 1860 determinatur,
878 1798 909 1846 ut
924 1787 967 1860 sit,
984 1798 1052 1845 ante

66 1877 330 1948 combinationem,
352 1877 579 1952 hydrogenium,
602 1878 709 1936 dicitur
729 1888 811 1936 actus
832 1879 902 1937 eius.

123 1965 258 2023 Potentia
277 1983 349 2024 vero
370 1967 402 2024 in
422 1984 534 2041 genere
556 1977 600 2026 est
621 1969 760 2042 capacitas
780 1967 822 2024 ad
845 1968 960 2042 aliquid.
1004 1967 1053 2025 Sic
1157 2005 1158 2010 κ

65 2055 95 2112 in
117 2055 269 2128 oxygenio
289 2065 320 2112 et
339 2055 527 2130 hydrogenio
547 2056 683 2114 nondum
705 2056 882 2114 combinatis
903 2066 947 2114 est
968 2075 1054 2130 capa·

65 2145 139 2202 citas
160 2144 201 2201 ad
223 2143 428 2220 recipiendum
449 2154 547 2202 actum
568 2163 673 2220 aquae.
702 2143 792 2203 Unde
814 2146 889 2203 haec
910 2141 1075 2219 loquendi
1157 2179 1158 2182 =

63 2234 210 2291 formula:
242 2233 450 2307 «Oxygenium
477 2244 507 2291 et
533 2235 751 2309 hydrogenium
772 2244 839 2292 sunt
860 2243 928 2292 actu
949 2251 1055 2308 oxyge-

61 2324 147 2380 nium
169 2331 200 2379 et
219 2321 453 2396 hydrogenium,
483 2323 617 2397 potentia
638 2333 736 2381 autem
758 2333 824 2382 sunt
844 2341 957 2397 aqua»,
987 2333 1016 2380 et
1037 2340 1054 2380 e

62 2426 229 2470 converso:
255 2412 362 2485 «Aqua
383 2422 428 2469 est
448 2421 515 2470 actu
536 2430 623 2487 aqna,
646 2413 780 2487 potentia
800 2429 872 2472 vero
891 2422 935 2470 est
948 2412 1056 2485 hydro-

61 2501 188 2576 genium
218 2510 249 2558 et
278 2501 485 2575 oxygenium.›
509 2531 548 2540 -
576 2501 626 2560 Sic
654 2502 743 2560 etiam
772 2502 803 2559 in
833 2518 982 2559 marmore
1012 2511 1056 2559 est

61 2587 219 2666 capacitas
246 2589 286 2646 ad
313 2588 519 2665 recipiendam
547 2591 636 2648 talem
664 2592 712 2649 vel
739 2592 828 2650 talem
859 2593 989 2666 figuram·
1017 2589 1054 2647 ab

62 2680 169 2753 aliquo
189 2688 305 2752 agente,
328 2688 358 2735 et
377 2678 505 2753 proinde
526 2679 633 2738 dicitur
653 2698 785 2738 marmor
799 2698 862 2739 esse
878 2680 908 2737 in
923 2680 1056 2755 potentia

62 2767 235 2843 recipiendi
255 2768 346 2824 talem
367 2769 501 2841 figuram.

353 2923 371 2991 ἓ
390 2941 414 2976 2.
446 2929 564 2992 Species
584 2929 767 2980 declarantur.
781 2955 783 2962 ·

125 3043 150 3100 Ι.
171 3041 261 3099 Actio
282 3040 417 3101 diversae
438 3044 657 3119 distinguuntur
677 3043 808 3119 species:

130 3150 156 3188 1.
178 3131 309 3189 Ratione
330 3132 433 3201 abniti,
456 3133 473 3191 i.
496 3151 522 3191 e.
544 3134 659 3192 ratione
681 3132 873 3207 perfectionis
894 3133 942 3191 vel
963 3133 1057 3191 deter-

61 3219 248 3290 minationis,
270 3238 361 3295 quam
382 3222 468 3280 affert
488 3222 565 3291 enti,
591 3221 777 3296 distinguitur
798 3232 880 3280 actus
901 3222 1055 3292 essentiae,

66 3320 154 3368 actus
175 3309 373 3383 exsistentiae,
396 3321 479 3368 actus
498 3310 696 3386 proprietatis.
