2350 3700
420 155 459 191 nn
478 154 678 193 consciarum.
993 153 1042 206 13⁷

58 298 188 359 voluntas
209 303 351 361 facultate
372 303 506 362 adhibita
533 304 646 362 nullam
673 304 765 362 habet
792 313 985 379 potestatem,
1013 305 1044 362 in

58 389 160 447 alteras
180 409 256 450 vero
278 392 446 450 dominium
466 392 565 451 habet.
609 393 673 464 sie,
703 392 754 468 qui
777 410 848 452 vere
868 392 965 464 videt,
994 394 1045 469 qui

56 494 123 536 vere
150 482 241 539 sentit
269 480 407 540 dolorem
435 482 466 539 in
494 481 589 557 pede,
626 492 725 557 potest
753 482 876 556 quidem
904 482 1045 542 claudere

55 570 163 640 oculos,
187 580 291 645 potest
311 570 408 643 etiam,
431 570 455 629 si
476 570 563 629 dolor
584 589 647 629 non
668 570 755 630 fuerit
772 570 860 630 nimis
873 572 1044 643 vehemens,

54 657 220 718 attentione
242 659 283 718 ad
303 660 362 717 alia
382 659 503 731 directa,
528 660 567 718 ab
588 658 696 718 actuali
717 659 830 719 doloris
850 660 1045 736 perceptione

54 764 177 820 cessare,
202 749 259 807 sed
274 768 337 808 non
350 758 448 824 potest
462 767 531 807 cum
545 748 709 808 attentione
723 749 762 807 ad
776 749 895 808 oculum
910 760 1045 826 apertum

53 836 98 893 vel
118 837 158 895 ad
179 838 295 913 pedem
315 838 470 897 dolentem
490 854 552 896 non
573 838 731 914 percipere
752 837 898 897 visionem
918 838 967 898 vel
994 838 1046 897 do·

53 925 153 983 lorem.
193 928 318 1000 Contra,
341 927 393 1003 qui
414 945 450 986 ex
470 926 684 1003 imaginatione
705 927 816 986 iudicat
836 946 868 987 se
889 928 992 987 dolere
1014 928 1044 986 in

54 1032 155 1087 manu,
187 1034 296 1074 manus
316 1034 370 1075 usu
390 1026 518 1087 attento,
550 1015 794 1092 imaginationem
815 1016 928 1076 doloris
947 1016 1045 1076 statim

55 1104 199 1179 expellet3
222 1105 275 1181 qui
288 1124 361 1163 vero
374 1124 478 1164 verum
491 1104 533 1164 ibi
547 1106 683 1165 dolorem
699 1104 857 1182 experitur,
872 1124 977 1165 manus
992 1124 1045 1166 usu

16 1214 20 1241 r
56 1191 164 1252 doloris
186 1194 415 1269 perceptionem
437 1206 554 1253 auctam
574 1196 622 1254 vel
642 1195 800 1254 clariorem
828 1195 1012 1271 experietur»
1025 1196 1044 1255 ¹.

111 1292 147 1349 In
169 1299 250 1350 statu
271 1300 364 1350 autem
385 1294 542 1362 anormalt',
572 1292 624 1369 qui
645 1292 752 1351 dicitnr
771 1294 936 1351 allucinatio
946 1294 967 1363 ¹,
995 1312 1046 1352 na·

58 1391 116 1439 tura
136 1392 285 1442 concreta
305 1381 533 1457 impressionum
554 1382 678 1441 realium
692 1393 723 1441 et
739 1382 1046 1458 repraesentationum

57 1472 310 1544 phantasticarum
330 1481 392 1530 tam
412 1470 513 1531 similis
530 1481 582 1544 est,
605 1483 636 1530 ut
650 1471 833 1531 conscientia
847 1470 1045 1531 differentiam

58 1559 199 1637 detegere
220 1578 284 1619 non
304 1562 405 1638 possit.
434 1563 521 1619 Tunc
541 1579 626 1620 error
644 1571 689 1621 est
702 1561 899 1620 ineluctabilis
913 1560 1044 1637 quidem,

57 1649 107 1707 sed
126 1669 194 1708 non
217 1650 287 1726 quia
308 1650 494 1709 conscientia
506 1658 565 1727 per
583 1670 613 1709 se
638 1651 678 1709 ad
708 1651 953 1727 cognoscendum
982 1669 1045 1709 non

58 1736 91 1795 sit
110 1759 218 1815 capax,
240 1740 294 1798 sed
317 1740 386 1815 quia
400 1758 454 1816 per
469 1740 618 1813 accidens,
641 1740 797 1816 phantasia
810 1750 992 1817 aegrotante,
1015 1740 1045 1797 in

58 1837 139 1887 motu
160 1846 214 1888 suo
233 1829 361 1887 naturali
381 1830 568 1905 perturbatur
580 1830 599 1888 ⁸.
628 1829 808 1890 Remedium
829 1840 936 1902 autem,
958 1828 982 1888 si
997 1828 1046 1888 ad·

60 1927 108 1989 est,
131 1929 205 1978 tunc
225 1936 288 1977 non
309 1917 340 1976 in
362 1918 578 1995 Criteriologia,
601 1919 654 1979 sed
674 1918 706 1977 in
726 1920 873 1978 Mediana
893 1930 938 1979 est
958 1937 1046 1994 quae-

59 2008 194 2067 rendum.

14 2221 15 2286 s
120 2217 129 2248 ¹
149 2218 188 2269 Cf.
208 2219 286 2268 Frick
305 2218 320 2268 l.
342 2236 363 2268 c.
384 2236 409 2284 p.
432 2228 490 2284 175.

117 2295 130 2328 ¹
150 2299 381 2348 «L’hallucination
401 2308 491 2349 estun
511 2301 562 2350 etat
580 2301 697 2350 morbide
716 2302 780 2349 dans
798 2301 882 2366 lequel
901 2316 936 2350 on
952 2299 1050 2365 perpoit

14 2445 15 2450 1
62 2379 207 2428 dairement
224 2394 276 2428 une
294 2380 423 2429 sensation
442 2396 501 2430 sans
520 2381 544 2428 la
569 2381 691 2446 presence
717 2380 778 2429 d'un
803 2380 873 2444 objet
898 2388 957 2446 apte
983 2377 998 2429 ὲ
1025 2380 1050 2428 la

14 2457 15 2460 ’
61 2475 209 2525 provoquer.
247 2461 398 2509 Autrement
422 2461 472 2519 dit¹
501 2460 701 2512 l’hallucination
725 2469 765 2510 est
786 2462 812 2510 la
823 2463 962 2526 perceptam
980 2457 1051 2511 rc'elle

61 2541 154 2604 a'objeis
172 2541 346 2604 imaginaires,
373 2557 394 2589 c.
415 2536 430 2589 ὲ
448 2541 472 2590 d.
492 2540 570 2606 qu'on
593 2541 660 2602 voit,
689 2541 767 2606 qu'on
790 2542 884 2590 entend
902 2540 1050 2590 reellement

61 2636 89 2669 ce
106 2620 149 2684 qui
169 2618 276 2669 n’existe
294 2637 340 2684 pas
365 2636 397 2669 en
422 2620 517 2672 realite'.
556 2621 630 2671 Cette
656 2621 790 2670 definition
815 2622 839 2670 la
864 2621 990 2685 distingue
1017 2619 1049 2668 de

61 2701 184 2760 lillusion,
203 2701 247 2764 qui
267 2709 304 2750 est
322 2700 347 2749 la
359 2703 497 2765 perception
510 2701 600 2766 fauste
614 2703 677 2750 a'un
689 2703 751 2766 objet
768 2699 834 2761 re'el,·
853 2719 874 2751 c.
894 2698 910 2749 lt
927 2701 951 2750 d.
971 2700 1049 2765 qu’on

62 2796 92 2830 ne
109 2781 163 2831 voit
182 2797 228 2846 pas
248 2779 336 2844 l’objet
354 2782 389 2830 tel
413 2780 475 2846 qu'il
500 2791 553 2831 est»
576 2779 746 2846 (Wgouroux,
772 2781 907 2832 Medecine
933 2781 1049 2846 pratique

62 2861 105 2923 111,
128 2857 200 2926 145).

118 2950 129 2982 ³
148 2951 188 3000 Ex
207 2950 303 3000 influxu
322 2951 382 3001 item
400 2951 549 3017 phantasiae
568 2953 708 3018 explicatur
726 2968 796 3001 error
814 2968 914 3012 eorum,
944 2951 986 3016 qui
1006 2951 1049 3000 do-

63 3033 137 3082 lorem
156 3032 270 3082 sentiunt
288 3031 314 3080 in
334 3049 405 3082 crure
423 3033 464 3082 vel
488 3033 595 3083 brachio
619 3040 754 3097 amputato.
794 3034 870 3082 «Man
895 3040 966 3098 sagt,
994 3031 1049 3081 dass

19 3148 28 3166 ,,
64 3113 216 3174 Menschen‚
243 3113 328 3161 denen
354 3113 396 3162 dia
414 3113 493 3161 Hand
518 3115 581 3162 oder
606 3114 653 3162 der
676 3113 738 3162 Fuss
762 3112 898 3178 amputiert
923 3112 969 3173 ist,
998 3113 1048 3161 den

19 3170 28 3192 ⁹
67 3191 188 3252 Schmerz,
208 3193 259 3241 den
278 3191 315 3241 sie
334 3209 374 3242 am
393 3192 467 3242 Ende
486 3194 532 3243 des
551 3193 630 3242 ihnen
648 3192 818 3257 gebliebenen
832 3192 938 3240 Gliedes
955 3192 1048 3251 haben,

66 3289 91 3321 so
108 3271 268 3337 empfinden‚
295 3273 332 3322 als
356 3275 391 3322 ob
417 3289 444 3321 es
469 3273 495 3320 in
522 3274 580 3321 dem
602 3270 769 3334 amputierten
787 3269 948 3332 Kdrperteile
973 3272 1048 3326 wire,

67 3368 113 3400 was
137 3353 213 3400 einen
238 3352 329 3402 Irrtum
354 3367 405 3402 von
431 3351 511 3400 seiten
538 3351 583 3399 des
608 3348 788 3397 Bewusstseins
815 3353 982 3395 voraussetze.
1014 3367 1049 3376 -
