2350 3700
130 160 183 210 310
507 159 545 196 Du
564 159 742 197 CATEGORIIS.

189 310 217 365 A
237 309 297 365 fine
318 307 559 383 distinguendum
581 317 627 365 est
648 308 775 365 medriam.

189 397 324 456 Medium
344 396 426 455 enim
446 406 491 455 est
511 395 551 467 id,
573 396 658 471 quod
679 416 697 453 a
711 414 801 454 causa
815 396 959 455 efficienti
973 396 1014 454 ad
1030 397 1120 453 finem

130 486 326 545 obtinendum
346 485 512 544 adhibetur.

188 576 228 633 Et
247 593 285 633 ea
304 585 349 633 est
368 575 446 633 inter
465 576 557 633 finem
578 585 609 632 et
630 574 762 633 medium
784 574 948 647 diversitas,
974 574 1061 651 quod
1082 573 1122 644 id,

130 665 213 740 quod
234 664 341 723 dicitur
359 664 435 734 finis,
457 663 606 740 appetitur
620 674 743 740 propter
756 682 788 723 se
804 675 834 723 et
847 664 962 723 ratione
982 664 1039 734 sui,
1061 663 1080 720 i.
1098 682 1123 721 e.

130 764 253 830 propter
270 753 435 812 bonitatem
455 772 547 825 suam,
569 752 631 811 sive
651 772 753 813 veram
768 763 799 813 et
811 755 932 826 realem,
954 753 1018 812 sive
1033 772 1126 829 appa-

131 854 254 914 rentem,
276 842 408 902 medium
427 861 500 901 vero
521 842 670 919 appetitur
690 854 813 919 propter
833 845 939 915 finem,
969 844 1008 902 ad
1031 860 1125 918 quem

131 931 275 1007 perducit.
704 932 707 937 '

193 1021 272 1097 Apta
292 1021 434 1098 dispositae
453 1021 608 1079 mediorum
629 1021 672 1078 ad
679 1023 772 1097 finem
793 1021 897 1079 dicitur
916 1032 993 1081 ordo.

549 1204 572 1241 2.
600 1192 698 1255 Species.

192 1314 307 1372 Causae
327 1314 423 1373 finalis
443 1317 491 1373 vel
512 1315 577 1374 finis
599 1315 714 1391 species
742 1315 922 1390 praecipuae
949 1315 1006 1371 hae
1035 1323 1121 1371 sunt:

195 1422 219 1460 1.
241 1402 323 1460 Finis
343 1404 395 1478 qui
416 1415 445 1463 et
465 1405 532 1463 finis
552 1405 609 1463 cui.

191 1491 272 1550 Finis
295 1494 347 1566 qui
365 1503 409 1551 est
429 1512 478 1552 res
498 1494 578 1570 ipsa,
607 1513 684 1569 quae
706 1493 870 1570 appetitur,
899 1512 926 1551 e.
948 1512 977 1568 g.
1005 1493 1123 1550 lucrum

132 1598 187 1656 pro
208 1580 321 1639 artifice
342 1592 468 1640 statuam
490 1584 677 1641 conficiente.

192 1670 274 1728 Finis
294 1673 341 1727 cui
359 1665 416 1745 (vel
438 1671 520 1731 cuius
539 1667 645 1747 gratia)
667 1682 712 1731 est
732 1671 911 1742 subiectum,
936 1670 983 1728 cui
1004 1687 1053 1728 res
1076 1689 1127 1745 ap·
1159 1708 1160 1737 .

132 1758 248 1834 petitur.
284 1759 408 1817 Familia
429 1761 629 1830 sustentanda,
652 1780 677 1820 e.
700 1779 738 1836 g.,
761 1769 805 1820 est
824 1760 892 1819 finis
912 1760 960 1817 cui
981 1768 1127 1834 operatur
1159 1744 1160 1814 i

133 1848 245 1907 artifex.

197 1959 222 1996 2.
245 1938 375 1998 Ratione
396 1940 585 1998 ordinationis
612 1939 643 1997 in
665 1939 765 2015 aliqua
788 1939 864 1998 serie
886 1938 989 1996 finium
1010 1947 1057 1996 est
1078 1938 1127 1996 vel

134 2028 286 2102 proximus
306 2029 354 2086 vel
376 2040 514 2087 remotus.

194 2117 276 2175 Finis
289 2119 443 2193 proximus
463 2129 507 2177 est
527 2119 585 2189 ille,
608 2119 648 2176 ad
670 2136 760 2193 quem
781 2118 854 2176 alius
875 2134 937 2174 non
959 2115 1125 2186 ordinatur,

136 2206 199 2280 ipse
221 2224 293 2264 vero
315 2206 354 2263 ad
373 2207 463 2265 aliurn
482 2208 644 2266 ordinatur.
675 2207 790 2265 Sanitas
805 2224 829 2265 e.
846 2225 873 2282 g.
890 2216 935 2264 est
948 2204 1015 2263 finis
1029 2206 1126 2280 proxi-

136 2312 200 2352 mus
222 2295 425 2354 seminaristae
446 2297 588 2356 sumentis
609 2296 799 2356 medicinam.

195 2383 276 2442 Finis
296 2391 417 2442 remotus
437 2396 481 2444 est
502 2385 535 2457 is,
557 2387 597 2445 ad
612 2403 702 2461 quem
723 2385 772 2444 alii
787 2385 971 2444 ordinantur.
1009 2383 1064 2442 Est
1078 2383 1123 2441 vel

135 2473 327 2530 intermedius
348 2475 395 2532 vel
415 2474 541 2533 ultimus.

195 2557 224 2636 a)
246 2561 327 2618 Finis
341 2564 521 2621 intermedius
534 2574 579 2622 est
592 2565 650 2637 ille,
667 2564 705 2623 ad
720 2581 810 2639 quem
824 2563 897 2620 alius
912 2561 1077 2631 ordinatur,
1097 2572 1125 2618 et
1157 2633 1158 2636 Ἴ

136 2651 187 2725 qui
213 2649 278 2726 ipse
306 2651 346 2708 ad
375 2652 465 2709 alium
495 2653 657 2712 ordinatur.
701 2652 834 2711 Studium
865 2670 890 2709 e.
922 2669 951 2726 g.
983 2662 1029 2710 est
1059 2649 1124 2708 finis
1157 2661 1158 2674 *

136 2740 329 2799 intermedius
349 2740 551 2800 seminaristae
572 2743 714 2800 sumentis
735 2740 923 2799 medicinam.

196 2823 227 2902 b)
247 2828 327 2887 Finis
347 2831 462 2888 ultimus
481 2831 648 2905 generatim
670 2840 714 2889 est
734 2829 793 2900 ille,
815 2830 854 2888 ad
869 2847 957 2904 quem
980 2828 1032 2886 alii
1053 2829 1125 2886 fines

137 2917 325 2989 ordinantur,
358 2938 425 2977 cum
447 2920 510 2995 ipse
531 2921 570 2978 ad
590 2921 763 2978 ulteriorem
784 2938 846 2977 non
868 2913 1031 2976 ordinetur.
1076 2918 1126 2974 Est

136 3008 184 3064 vel
205 3008 325 3066 relative
346 3007 463 3067 ultimus
484 3011 532 3067 vei
553 3009 687 3068 absolute
708 3007 834 3066 ultimus.

137 3179 209 3225 veille
228 3178 243 3226 ὲ
261 3181 286 3226 la
303 3183 446 3230 realisation
466 3186 510 3232 des
529 3194 647 3247 rapports
672 3184 764 3248 qu'elle
791 3201 806 3231 a
831 3184 1043 3246 subjectivement
1070 3199 1126 3232 con·

136 3270 202 3370 {usn
224 3254 373 3314 (iilem'crl.
393 3275 414 3306 c.
434 3279 459 3322 p.
480 3263 531 3322 238
551 3272 576 3310 et
596 3260 669 3326 261).
689 3289 722 3296 —
744 3264 782 3311 Cf.
804 3265 893 3320 Pesch,
920 3262 1015 3311 philos.
1045 3273 1125 3310 natur.
1156 3295 1157 3310 2

152 3362 156 3381 ,
181 3340 227 3386 107
247 3347 283 3390 sq.
