2350 3700
353 111 391 146 DE
409 110 472 147 IPSA
491 111 678 148 PROBATiONE.
957 114 1005 164 193

93 258 134 314 De
154 256 278 316 diversis
297 259 558 317 demonstrationis
578 261 735 335 speciebus
755 260 814 319 iam
831 261 946 333 dicturi,
969 262 1007 321 ad

44 365 144 405 sensum
163 346 249 405 huius
269 347 351 406 vocis
371 350 460 406 latum
481 349 676 408 attendemus

92 447 210 508 Species.
250 437 398 496 Dividitur
419 448 516 496 autem
531 437 747 497 demonstratio
761 439 791 497 in
812 439 958 498 directam
980 449 1009 498 et

44 525 208 584 indirectam.

89 615 203 672 Dirccta
225 633 264 673 ea
284 625 328 673 est
348 617 580 690 argumentati0‚
607 634 667 690 qua
688 617 841 676 conclusio
863 616 1010 694 colligitur

42 723 69 760 ex
93 705 173 778 psius
199 707 248 761 rei
272 705 506 763 demonstrandae
532 706 690 764 rationibus
718 708 765 764 vel
791 709 881 764 causis
893 709 909 765 ¹.
952 709 1009 765 De·

42 794 256 851 monstrationes
284 813 309 852 e.
338 812 367 869 g.
396 813 485 868 supra
512 795 618 852 allatae
647 805 713 853 sunt
740 796 1010 854 demonstrationes

41 881 162 940 directae.
194 884 251 941 Est
265 893 364 940 autem
377 883 453 942 haec
467 883 684 958 argumentatio
699 885 805 959 triplex
819 885 1009 960 praesertim:

91 992 111 1028 1.
132 971 161 1027 Α
174 974 280 1047 priori
292 983 336 1030 est
356 973 582 1047 argumentatio,
605 991 682 1047 quae
703 975 811 1049 probat
831 985 914 1033 certo
929 993 1012 1050 prae·

41 1060 151 1118 dicatum
172 1061 311 1120 subiecto
332 1063 494 1121 convenire
516 1081 570 1137 per
591 1061 638 1134 id,
661 1062 743 1137 quod
764 1063 834 1139 ipsis
852 1067 938 1139 prim
958 1074 1011 1135 est,

35 1151 172 1225 ,aperiendo
214 1169 347 1220 causam,
389 1161 512 1227 propter
546 1169 638 1226 quam
672 1153 842 1211 attributum
876 1153 1012 1211 subiecto

35 1239 190 1319 {conveniat

35 1380 36 1405 ἶ
85 1324 111 1401 a)
132 1328 163 1386 Si
185 1348 310 1386 causam
331 1329 426 1405 aperit
441 1332 594 1406 propriam
615 1337 643 1386 et
661 1331 867 1399 immediatam,
890 1331 1013 1389 demon·

35 1417 124 1497 {matio
138 1437 156 1474 a
170 1416 270 1492 priori
282 1418 389 1476 dicitur
404 1426 526 1495 propter
538 1419 614 1493 quid,
639 1420 726 1494 quale
741 1430 785 1478 est
805 1429 1013 1494 argumentum

42 1524 111 1579 supra
131 1508 259 1565 allatum
279 1507 309 1565 in
331 1508 464 1566 favorem
486 1507 728 1565 immutabilitatis
750 1507 809 1567 Dei
827 1508 1012 1584 probandae.

35 1632 36 1645 .
79 1592 107 1668 b)
128 1596 159 1654 Si
181 1597 263 1654 haec
277 1615 367 1654 causa
387 1599 479 1654 minus
494 1599 619 1672 proprio
640 1607 684 1656 est
698 1598 745 1656 vel
766 1617 822 1655 non
841 1598 1012 1666 immediato,

40 1681 242 1759 demonstratio
264 1685 371 1743 dicitur
391 1688 468 1762 quio,
489 1697 522 1744 ut
542 1704 610 1744 cum
625 1686 780 1744 hominem
801 1704 866 1745 esse
888 1685 1012 1744 liberum

40 1773 200 1844 probaveris
223 1792 262 1832 ex
282 1793 329 1846 eo,
352 1775 435 1849 quod
455 1784 500 1832 est
521 1774 682 1833 rationalis.

88 1862 252 1922 Ordinario
272 1882 344 1922 vero
366 1864 579 1923 demonstratio
600 1867 685 1939 quia,
712 1865 817 1923 latiore
846 1882 948 1937 sensu,
979 1882 1015 1922 ea

40 1950 144 2025 dicitu,
184 1971 266 2028 quae
303 1963 385 2011 certo
418 1953 540 2029 quidem
569 1954 678 2029 probat
712 1954 916 2029 praedicatum
951 1955 1016 2012 sub·

40 2038 103 2098 ieeto
123 2044 305 2115 convenire,
327 2061 428 2117 neque
449 2054 551 2101 tamen
571 2042 724 2117 propriam
744 2044 791 2101 vel
813 2042 1015 2101 immediatam

40 2130 170 2189 rationem
193 2132 281 2190 huius
300 2131 527 2190 convenientiae
542 2131 652 2206 aperit:
675 2132 728 2189 sed
742 2132 801 2189 hoc
816 2133 862 2190 vel
877 2150 913 2190 ex
928 2151 1017 2190 causa

39 2218 124 2293 aliqua
144 2231 265 2279 remota
284 2220 422 2292 ostendit,
444 2221 492 2279 vel
514 2221 603 2279 etiam
625 2221 664 2278 ab
685 2222 802 2292 effectu,
825 2223 871 2279 vel
892 2239 946 2295 per
968 2221 1016 2279 ab·

40 2308 155 2380 surdum,
178 2319 236 2368 etc.

88 2416 112 2455 2.
139 2398 169 2454 Α
192 2400 350 2475 posteriori
374 2417 447 2456 vero
475 2409 520 2456 est
548 2398 780 2473 argumentati0‚
810 2418 887 2474 quae
909 2400 1017 2475 probat

38 2497 109 2544 certo
128 2488 338 2562 praedicatum
358 2486 493 2547 subiecto
515 2488 678 2546 convenire
699 2505 753 2562 per
775 2486 821 2558 id,
844 2488 925 2563 quod
947 2488 1017 2564 ipsis

38 2584 74 2630 est
95 2579 254 2649 posterius,
285 2576 302 2635 i.
326 2595 351 2635 e.
382 2595 437 2652 per
464 2576 594 2651 aliquid,
623 2576 705 2634 cuius
732 2576 839 2633 veritas
867 2577 1018 2651 pendeta

39 2663 148 2723 veritate
171 2665 381 2723 conclusionis.
410 2667 492 2724 Talis
513 2677 557 2724 est
571 2664 668 2724 omnis
683 2665 896 2724 demonstratio
912 2684 1017 2724 causae

38 2768 83 2823 per
110 2755 251 2812 effectum
281 2761 521 2829 quemcumque,
553 2754 633 2812 velut
663 2772 731 2811 cum
762 2754 820 2811 Dei
850 2754 1019 2812 exsistentia

39 2842 170 2913 probatur
198 2862 235 2901 ex
258 2844 347 2901 rebus
367 2844 535 2902 mundanis.
578 2844 624 2900 Ex
645 2842 746 2914 dictis,
774 2843 942 2901 huiusmodi
970 2843 1019 2901 de·

39 2932 275 2991 monstrationem
296 2932 404 2991 scimus
423 2950 542 3007 semper
561 2950 626 2990 esse
642 2932 927 2990 demonstrationem
943 2934 1017 3007 quio.

91 3039 116 3093 3.
134 3022 293 3079 Circularis
305 3022 354 3080 vel
364 3023 523 3095 regressioo
538 3020 671 3095 denique
687 3039 723 3078 ea
739 3030 783 3079 est
792 3020 1019 3096 argumentatio

43 3124 89 3180 qua
108 3110 232 3181 animus,
255 3120 413 3186 postquam
435 3110 475 3168 de
496 3109 652 3168 effectibus
674 3109 713 3167 ad
735 3128 854 3168 causam
876 3107 1018 3179 ascendit,

95 3285 102 3315 ¹
121 3288 160 3336 Cf.
181 3305 256 3352 supra
274 3305 300 3353 p.
322 3300 347 3337 2.

88 3380 274 3432 Reiustadler,
290 3381 358 3421 Elem.
375 3381 452 3431 philos.
469 3381 536 3420 schol.
560 3380 578 3422 Ι.
