2350 3700
133 122 184 169 268
506 133 545 168 na
564 131 744 168 caraoonrrs.

131 292 193 339 tarn
213 281 293 338 clara
313 290 389 352 sunt,
411 290 443 337 ut
463 278 666 355 plenissimam
680 280 774 337 menti
793 278 984 338 manifestent
1003 278 1101 337 eviden-

131 370 216 441 tiam,
246 387 324 444 quae
351 368 502 444 repudiari
530 387 593 427 non
613 368 707 445 possit
733 368 791 426 nisi
812 387 830 425 a
851 367 991 443 sceptico.
1031 367 1102 425 Clare

132 460 213 519 enim
234 458 440 533 distinguimus
461 458 538 517 inter
561 457 685 517 «seriem
702 457 783 515 illam
805 468 964 515 eventuum
985 456 1038 515 sibi
1055 476 1104 514 suc·

133 547 319 608 cedentium»
351 557 380 606 et
407 548 572 606 subiectum
598 546 679 605 idern
709 564 890 622 permanens
919 547 973 606 sub
1000 545 1104 604 diversis

132 636 177 695 his
206 635 484 695 modificationibus
527 638 624 695 Immo
647 636 754 694 eadem
782 635 812 693 vi
833 636 1015 694 conscientia
1034 634 1105 691 nobis

132 735 254 785 testatur
274 743 339 784 esse
360 742 386 783 e.
408 744 436 800 g.
459 723 571 800 aliquid
593 726 624 782 in
644 724 732 783 nobis
760 724 841 783 idem
861 742 1041 799 permanens
1064 724 1105 781 sub

133 814 257 873 diversis
287 813 558 872 modificationibus
585 812 820 885 transeuntibus,
845 832 905 890 qua
925 813 1012 872 nobis
1033 812 1107 870 refert

135 913 241 962 statum
255 904 422 962 intellectus
443 903 524 963 circa
537 902 684 975 veritates,
706 914 804 963 utrum
817 903 930 962 scilicet
951 922 1018 962 cmn
1038 901 1108 961 certi·

132 993 235 1052 tudine
256 992 433 1064 adhaereat,
455 1012 495 1051 an
516 992 548 1050 in
568 992 660 1051 dubio
681 1002 809 1051 maneat.
852 994 916 1050 Iam
936 1009 1021 1063 ver0,
1044 990 1107 1049 siin

133 1082 235 1158 priore
257 1100 328 1141 casu
348 1082 549 1141 testimonium
577 1081 780 1141 conscientiae
809 1093 840 1140 ut
862 1100 946 1141 mera
967 1082 1055 1139 illusio
1072 1090 1108 1137 est

133 1170 320 1242 habendum,
342 1170 424 1229 idem
444 1171 553 1229 eodem
574 1170 637 1230 iure
658 1171 697 1230 de
719 1181 795 1229 statu
814 1170 922 1229 mentis
943 1170 1058 1229 relative
1076 1167 1109 1226 ad

134 1260 288 1319 veritatem
309 1259 472 1319 dicendum
493 1260 563 1318 erit:
585 1270 617 1318 et
636 1259 678 1318 sic
700 1260 757 1317 ruit
777 1260 874 1318 omnis
895 1259 1045 1319 certitudo,

196 1368 221 1407 2.
244 1349 314 1423 Quo
329 1350 505 1420 factumest,
527 1360 559 1408 ut
571 1351 748 1425 positivam
760 1350 815 1407 sibi
833 1350 1031 1417 contradicant,
1051 1366 1111 1406 cum

133 1438 310 1497 sententiam
324 1457 407 1496 suam
420 1450 532 1514 negent
546 1438 617 1514 ipsis
631 1439 737 1510 verbis
754 1438 860 1514 quibus
873 1438 955 1497 illam
970 1438 1108 1497 adstruere

135 1538 288 1585 conantur.
331 1530 507 1602 Loquuntur
533 1528 614 1585 enim
641 1528 763 1586 nonde
795 1528 983 1587 «eventibus»
1007 1527 1113 1603 quibus·

135 1635 273 1691 cumque,
296 1616 350 1675 sed
370 1616 409 1673 de
429 1618 488 1673 suis
502 1618 665 1688 eventibus,
687 1617 726 1675 de
747 1616 902 1675 eventibus
924 1634 1047 1692 quorum
1065 1617 1116 1691 ipsi

135 1707 248 1764 habent
268 1704 490 1764 conscientiam.
533 1706 594 1763 Sed
624 1724 714 1763 «meos
734 1716 873 1765 eventus»
904 1723 994 1764 nemo
1022 1704 1116 1763 dicere

136 1804 241 1871 potest,
263 1795 320 1854 nisi
336 1795 392 1869 qui
412 1794 541 1854 admittit
554 1805 674 1872 praeter
688 1806 810 1855 eventus
825 1796 906 1872 ipsos
921 1813 986 1855 esse
1002 1794 1116 1870 aliquod

136 1903 193 1958 ego,
217 1885 299 1959 quod
320 1894 443 1942 eventus
463 1883 529 1942 illos
550 1886 659 1944 habeat
671 1887 687 1943 ¹.

196 1993 224 2046 3.
246 1974 409 2035 Permultas
423 1973 558 2032 videmus
578 1973 727 2033 realitates
748 1975 779 2032 in
793 1976 851 2033 hoc
873 1975 996 2033 mundo.
1032 1975 1119 2032 Porro

135 2064 183 2121 vel
203 2063 260 2120 hae
276 2080 380 2120 omnes
401 2061 431 2119 in
453 2081 485 2120 se
506 2063 675 2135 subsistunt,
698 2075 728 2122 et
744 2075 815 2122 tunc
828 2065 1003 2122 substantioe
1024 2065 1120 2122 saltem

136 2151 223 2212 realis
244 2151 300 2209 erit
320 2151 420 2225 noti03
441 2153 489 2210 vel
511 2152 568 2208 alia
589 2152 685 2212 estin
707 2152 773 2224 alia,
796 2171 873 2228 quae
894 2153 926 2210 in
948 2172 980 2212 se
1000 2153 1121 2212 subsistit

136 2250 166 2298 et
186 2238 314 2315 proinde
335 2239 498 2298 substantia
519 2251 580 2315 est3
600 2242 648 2300 vel
663 2241 779 2300 aliaest
797 2242 828 2298 in
849 2241 915 2312 alia,
938 2261 1017 2316 quae
1032 2261 1121 2300 rursus

136 2339 180 2387 est
210 2329 241 2386 in
271 2331 346 2401 alia,
382 2342 412 2388 et
441 2330 483 2387 ita
511 2348 612 2406 porro.
663 2331 722 2389 Sed
752 2330 784 2388 in
813 2329 961 2390 infinitum
992 2331 1035 2390 sic
1064 2349 1120 2406 pro·

136 2418 334 2493 grediendum
355 2437 418 2476 non
439 2429 491 2477 est.
533 2419 665 2478 Proinde
686 2420 809 2480 tandem
830 2420 989 2496 pervenire
1012 2429 1122 2496 oportet

136 2507 175 2565 ad
196 2526 277 2579 rem,
306 2527 383 2583 quae
412 2525 474 2566 non
495 2508 651 2567 inhaereat
671 2508 770 2580 alteri,
800 2509 905 2568 sedin
927 2528 959 2567 se
984 2509 1121 2568 subsistat.

201 2667 209 2697 ¹
231 2670 320 2718 «Aussi
339 2670 377 2718 les
394 2670 626 2735 phenome'nalistes
645 2671 743 2720 sont-ils
762 2671 845 2720 forces
871 2673 903 2720 de
928 2686 956 2720 se
984 2671 1123 2720 contredire

138 2750 202 2798 dans
220 2749 244 2798 le
262 2749 320 2813 plus
339 2750 429 2815 simple
448 2753 546 2802 enonce
565 2753 597 2801 de
616 2751 671 2800 leur
690 2751 805 2816 systdme.
832 2752 870 2800 Le
883 2759 972 2801 savant
984 2753 1124 2816 professeur

138 2829 170 2878 de
189 2828 343 2879 l’universitt
356 2831 388 2880 de
405 2832 531 2898 Fribourg
545 2829 587 2897 [en
601 2829 705 2896 Suisse]‚
725 2831 750 2880 le
762 2833 793 2880 R.
807 2833 834 2880 P.
849 2833 1002 2891 Coconnier,
1023 2834 1123 2882 observa

138 2909 345 2973 spin'tuellement
364 2911 440 2976 qu’en
459 2915 601 2976 professant
619 2913 644 2960 le
662 2912 895 2977 phenomenalisme
915 2913 950 2962 M.
970 2913 1054 2962 Taine
1073 2915 1123 2962 s'est

96 3050 99 3057 1
138 2990 241 3039 suicide.
267 2992 340 3039 Ainsi
358 2992 393 3041 M.
408 2993 488 3041 Taine
506 2992 577 3056 parle
596 3009 655 3042 sans
674 3008 745 3042 cesse
764 2994 797 3042 de
816 3009 869 3053 ‚nos
888 2993 1071 3054 evcnements‘‚
1091 2995 1123 3054 ,de

80 3117 84 3120 .
138 3068 163 3117 la
180 3076 260 3118 trame
279 3069 470 3121 d’evenements
488 3073 530 3136 qui
548 3081 585 3121 est
603 3071 771 3122 nous-memes
789 3080 814 3123 et
827 3073 890 3121 dont
903 3089 966 3122 nous
980 3089 1063 3124 avons
1075 3090 1122 3124 con-

139 3149 254 3208 science‘‚
275 3158 322 3199 etc.
361 3153 441 3213 Mais,
470 3169 601 3216 remarque
620 3153 741 3203 finement
759 3153 795 3202 M.
816 3152 897 3203 Emile
917 3153 1028 3204 Charles
1049 3153 1121 3219 (Lect.

139 3229 172 3275 de
190 3229 252 3291 phil.
272 3230 304 3286 11,
325 3247 350 3292 p.
366 3230 440 3293 329),
459 3234 583 3296 pourquoi
604 3233 658 3282 dire
678 3249 730 3292 ‚nos
749 3233 927 3294 &venements2
947 3235 1073 3300 puisqu'il
1090 3235 1122 3295 n'y

140 3320 155 3347 a
172 3303 264 3365 qu'eux
283 3313 308 3352 et
326 3323 375 3368 que
394 3325 457 3356 nous
470 3326 502 3356 ne
514 3325 621 3358 summes
634 3328 694 3374 pas»
711 3310 831 3374 (Merctir
842 3314 858 3362 l.
873 3329 894 3363 c.
908 3331 934 3377 p.
952 3316 1003 3362 116
1018 3327 1045 3364 et
1064 3321 1120 3375 ιη),

360 3541 397 3668 ’χχχ
