2350 3700
410 144 448 179 nn
467 142 641 189 aurursus.
969 129 1018 193 285

41 293 175 362 humana,
204 290 328 349 relative
356 291 395 349 ad
422 292 503 362 illos,
534 292 615 348 nulla
646 290 703 348 alia
730 300 774 348 est
801 289 935 365 potentia
964 289 1021 347 nisi

41 380 164 454 potentia
184 379 348 437 subiectiva
370 378 597 438 oboedientialis
611 380 627 437 ¹.
671 379 935 452 Quemadmodum
948 396 1021 438 vero

42 486 91 543 pro
126 469 229 527 habitu
267 468 421 528 entitativo
455 469 568 543 gratiae
608 467 818 527 sanctificantis
857 468 1021 527 subiectum

42 558 118 615 huius
143 558 296 633 potentiae
322 557 549 617 oboedientialis
577 567 621 617 est
648 558 712 633 ipsa
740 558 868 616 essentia
894 558 1020 628 animae,

42 648 78 705 ita
96 646 215 706 relative
237 649 276 707 ad
290 648 407 706 habitus
427 648 664 723 supernaturales
678 647 842 705 subiectum
863 646 936 706 illud
955 658 1023 707 sunt

44 736 186 811 potentiae
214 736 387 813 operativae
413 738 570 795 naturales.
619 738 666 795 Ex
694 735 740 794 his
767 736 939 812 intelleges,
970 755 1023 795 cur

42 826 167 901 theologi
180 827 311 885 doceant
324 825 441 885 habitus
455 828 693 901 supematurales
707 827 754 884 vel
769 826 881 885 infusos
895 825 1022 885 tribuere

42 917 124 990 psam
138 915 311 989 faoeltatem
332 914 483 974 efficiendi
504 925 586 973 actus
607 916 844 991 supernaturales
865 934 933 974 cum
954 934 1024 990 qua·

42 1005 107 1061 dam
132 1004 274 1063 facilitate
294 1004 463 1063 intrinseca.
506 1004 690 1063 Facilitatem
720 1015 819 1063 autem
839 1006 1023 1063 extimarem

41 1112 90 1168 per
115 1112 148 1153 se
170 1112 232 1153 non
253 1095 399 1167 tribuunt,
425 1094 496 1169 quia
522 1112 578 1169 per
605 1112 720 1153 senon
746 1095 881 1152 auferunt
901 1093 1025 1170 impedi-

42 1194 152 1255 menta,
174 1201 253 1259 quae
274 1183 433 1260 provenire
454 1193 579 1258 possunt
599 1202 636 1241 ex
657 1182 900 1259 concupiscentia
919 1183 967 1241 vel
988 1201 1025 1241 ex

28 1323 29 1326 ,
43 1274 115 1330 mala
128 1272 356 1331 consuetudine.
385 1272 455 1346 Qua
469 1272 583 1330 ratione
605 1272 695 1330 etiam
709 1271 850 1331 differunt
863 1273 901 1331 ab
923 1272 1025 1330 habiti·

28 1362 89 1419 ¹bus
109 1362 305 1433 naturalibus,
328 1362 380 1438 qui
400 1362 570 1419 facultatem
592 1379 655 1420 non
675 1362 756 1433 dant,
779 1361 850 1437 quia
868 1362 945 1421 haec
965 1361 1025 1419 iam

41 1452 169 1523 habetur,
192 1451 246 1510 sed
266 1451 362 1527 ipsam
380 1451 550 1509 facultatem
564 1451 604 1509 ad
625 1451 774 1526 agendum
795 1460 975 1528 praeparant
996 1462 1025 1508 et

41 1539 195 1612 inclinant,
228 1539 458 1615 facilitatemque
486 1541 634 1616 praebent
662 1539 723 1599 sive
751 1539 942 1599 intrinsecam
963 1540 1025 1599 sive

41 1629 235 1687 extrinsecam
248 1630 267 1686 ².

97 1718 228 1776 Habitus
255 1720 402 1776 naturales
422 1718 463 1776 illi
484 1729 565 1789 sunt,
594 1720 645 1795 qui
663 1719 711 1777 uel
735 1739 753 1775 a
774 1726 882 1777 natura
902 1720 965 1794 ipsa
985 1721 1025 1777 in-

42 1809 149 1865 duntrer
168 1809 216 1866 oel
232 1808 340 1867 uiribus
359 1809 540 1868 naturalibus
565 1810 760 1885 acquiruntur.
803 1808 938 1884 Duplicis
959 1818 1027 1868 sunt

41 1896 166 1972 speciei:
193 1897 311 1956 habitus
332 1897 445 1957 scilicet
472 1917 490 1955 a
510 1909 616 1956 natura
637 1897 738 1968 inditi,
769 1898 820 1972 qui
843 1899 964 1974 proprie
985 1898 1027 1956 di-

43 1996 144 2044 cuntur
169 1988 363 2060 «naturales»,
386 1995 415 2046 et
436 1986 553 2045 habitus
574 1987 718 2063 acquisiti.

99 2072 127 2150 a)
149 2077 280 2135 Habitus
293 2096 313 2133 a
326 2084 434 2134 natura
448 2077 534 2135 inditi
546 2087 613 2134 sunt
626 2077 773 2135 naturales
781 2078 975 2152 potentiarum
989 2079 1032 2136 acl

40 2184 105 2222 suas
124 2167 300 2241 operationes
320 2166 519 2225 inclinationes.
555 2168 644 2225 Tales
658 2166 774 2224 habitus
795 2177 862 2224 sunt
882 2167 913 2225 iu
935 2167 1027 2225 omni·

40 2255 93 2312 bus
113 2254 295 2327 hominibus,
317 2265 347 2314 et
367 2266 435 2313 sunt
454 2255 552 2331 potius
573 2256 726 2314 inchoatio
742 2256 891 2331 quaedam
911 2256 1027 2314 habitus

40 2363 130 2417 quam
143 2343 263 2402 habitus
276 2344 397 2420 proprie
412 2343 516 2403 dictus.
547 2346 727 2422 Exemplum
741 2344 825 2403 huius
846 2345 890 2403 rei
903 2347 1028 2422 praebet

39 2433 157 2491 habitus
178 2433 357 2508 cognitionis
378 2435 541 2509 primorum
561 2433 776 2510 principiorum
787 2435 806 2492 ⁸.

99 2517 132 2597 b)
155 2522 284 2580 Habitus
311 2525 442 2597 acquisiti
459 2522 501 2581 illi
522 2534 604 2593 sunt,
634 2526 684 2598 qui
710 2542 745 2580 ex
772 2524 878 2581 attilus
904 2526 1029 2600 repetitis

39 2618 219 2669 enascuntur.
248 2612 376 2670 Habitus
390 2612 456 2671 illos
470 2613 634 2671 secundum
643 2613 847 2671 habitudinem
862 2613 901 2672 ad
915 2623 1029 2672 rectum

38 2710 165 2760 naturae
179 2700 315 2759 ordinem
331 2701 466 2760 dividunt
479 2701 510 2758 in
524 2703 622 2760 bonos
637 2703 684 2760 vel
698 2702 827 2772 virtutes,
844 2712 873 2761 et
887 2701 918 2760 in
933 2704 1029 2760 malos

38 2791 86 2848 vel
107 2790 188 2848 vitia.

99 2881 198 2937 lsz'rtus
227 2890 283 2938 est:
313 2881 424 2938 labitur
444 2882 594 2956 perficiens
623 2882 790 2939 rationalem
817 2883 972 2955 potentiane
1003 2888 1031 2938 et

39 2969 183 3028 inclinans
203 2981 239 3027 ad
258 2980 375 3027 bonum.

104 3166 113 3196 ¹
132 3169 173 3217 Cf.
193 3185 270 3233 supra
289 3186 314 3233 p.
336 3181 384 3218 221
406 3178 431 3217 et
451 3182 510 3218 222.

102 3246 114 3278 2
133 3249 174 3298 Cf.
194 3249 278 3308 Marc,
297 3249 358 3299 lust.
377 3265 441 3298 mor.
460 3267 485 3298 n.
506 3261 566 3309 412.

105 3328 175 3378 ³Cf.
196 3330 222 3376 S.
247 3329 340 3386 Thone„
360 3329 386 3377 S.
406 3329 483 3376 theol.
503 3330 522 3385 1,
543 3328 576 3385 Il,
597 3344 620 3390 q.
644 3336 682 3388 51,
704 3343 724 3373 a.
749 3339 770 3372 1.
