2350 3700
136 122 185 170 114
510 118 747 157 CRITERIOLOGIA.

190 263 222 342 b)
244 268 453 343 Supponamus
473 285 491 326 e
512 278 618 326 contra
638 285 703 327 rem
722 285 787 325 non
808 265 849 324 ita
870 282 950 337 esse,
986 261 1055 321 sed
1082 277 1145 336 syn·

130 357 237 415 thesim
257 356 289 413 in
309 356 478 415 huiusmodi
506 356 622 415 iudiciis
642 357 707 415 lieri
734 366 857 431 propter
877 354 1026 412 innatam
1051 357 1162 425 quan·=

130 446 201 504 dam
220 445 429 505 necessitatem
451 444 660 517 subiectivam,
688 445 853 503 secundum
879 444 997 520 placita
1023 437 1144 509 Kantii,

130 546 210 603 tunc,
232 534 329 610 posita
349 534 400 592 tali
421 534 618 610 impressione
639 534 755 610 passive
775 533 808 591 in
824 533 979 592 intellectu
999 541 1143 606 recepta,

130 625 188 682 talc
216 642 335 700 semper
365 623 506 681 iudicium
537 624 691 681 necessario
724 625 804 699 sequi
835 623 952 681 deberet.
1013 622 1145 678 Revera

130 724 232 772 tamen
259 713 299 771 ita
325 730 388 771 non
418 712 525 773 evenit.
567 712 673 771 Positis
700 712 781 771 enim
808 711 943 771 terminis
965 710 1142 768 «mundus»

133 820 159 861 e.
186 821 214 877 g.
242 812 272 861 et
303 803 431 859 «inz'tium
458 802 596 871 hamat»,
615 820 701 861 mens
729 801 826 877 primo
853 811 954 876 potest
981 815 1145 873 suspensa

132 909 270 961 manere,
300 890 423 963 deinde,
450 890 592 949 maturius
613 909 645 949 re
667 900 839 967 perspecta,
868 886 1144 948 adiudicandum

132 979 285 1050 inclinari,
316 980 403 1038 tertio
433 979 565 1055 denique
601 980 724 1039 firmiter
758 979 954 1055 pronuntiare
993 976 1144 1034 «initium

130 1069 260 1127 habere»
284 1068 398 1127 mundo
420 1068 543 1127 omnino
565 1069 743 1139 convenire,
769 1086 828 1127 nec
855 1086 944 1143 posse
970 1084 1043 1124 non
1067 1084 1143 1123 con-

131 1156 241 1216 venire.
286 1158 346 1231 Qui
372 1157 493 1233 quidem
515 1157 625 1217 diversi
650 1168 740 1216 status
761 1156 868 1215 mentis
893 1157 1010 1231 optime
1043 1154 1143 1229 expli-

131 1256 251 1319 cantur,
281 1246 304 1303 si
325 1246 506 1305 admittimus
528 1265 680 1305 assensum
700 1246 765 1305 fieri
785 1246 840 1304 sub
861 1245 974 1303 influxu
994 1244 1140 1303 veritatis

132 1335 308 1394 obiectivae.
365 1335 464 1395 Primo
505 1336 585 1394 enim
625 1336 793 1395 reflexionis
827 1346 983 1393 momento
1018 1335 1140 1392 veritas

132 1424 280 1483 obiectiva
313 1425 399 1483 huius
432 1425 647 1501 propositionis
673 1424 766 1484 menti
801 1443 864 1483 non
894 1434 1038 1499 apparet,
1075 1423 1139 1480 alio

130 1530 202 1571 vero
230 1514 293 1571 eius
313 1512 465 1573 visibilitas
492 1514 551 1571 iam
576 1514 736 1585 illucescit,
767 1513 854 1571 tertio
883 1512 1017 1587 denique
1050 1514 1138 1570 clare

133 1602 254 1677 affulget
267 1604 283 1661 ¹.

193 1710 220 1764 3.
244 1691 354 1764 Quoad
374 1694 512 1749 rationem
534 1691 681 1766 denique:

191 1776 219 1854 a)
244 1779 346 1837 Gratis
366 1780 507 1856 supponit
521 1799 585 1839 esse
601 1790 659 1839 tres
677 1781 794 1839 «ideas»
811 1780 957 1857 quasdam
972 1780 1005 1837 in
1020 1787 1131 1837 mente

129 1880 231 1928 nostra
252 1870 460 1946 operationum
481 1881 649 1930 nostrarum
670 1871 856 1946 regulativas.

195 1954 226 2033 b)
251 1959 362 2028 Gratis,
381 1959 474 2017 immo
496 1970 603 2018 contra
622 1961 777 2032 rationem,
799 1960 940 2036 supponit
953 1959 1132 2018 illusionem

132 2050 212 2120 illam
233 2051 412 2120 naturalem,
443 2058 538 2107 ortam
560 2068 597 2108 ex
618 2059 700 2108 motu
721 2049 848 2108 naturali
868 2048 908 2107 ad
935 2051 1014 2108 falsa
1039 2047 1131 2107 ratio·

133 2137 212 2195 cinia
233 2137 428 2196 effonnanda.

193 2221 221 2300 c)
246 2225 348 2283 Gratis
369 2237 398 2285 et
418 2246 481 2285 non
502 2227 559 2285 nisi
579 2237 704 2304 propter
724 2228 923 2303 ignorantiam
944 2227 1034 2302 ponit
1057 2245 1084 2285 e.
1100 2245 1128 2301 g.

132 2315 311 2374 antinomias
332 2315 557 2390 cosmologicaS,
580 2317 619 2375 de
641 2318 748 2392 quibus
768 2335 857 2392 supra
877 2337 906 2393 p.
932 2320 988 2374 108
1011 2316 1130 2375 dictum

133 2414 185 2462 est.
229 2405 300 2463 Non
326 2404 395 2462 satis
423 2405 503 2463 enim
524 2404 678 2480 distinguit
704 2405 782 2464 inter
809 2406 957 2464 infinitum
984 2407 1072 2464 reale
1101 2415 1131 2463 et

134 2493 281 2552 infinitum
302 2495 483 2552 abstractum
493 2494 511 2552 ².
1159 2497 1162 2502 ’

196 2660 204 2692 ¹
224 2662 263 2711 Cf.
283 2663 391 2712 Mercier
408 2678 450 2726 op.
471 2663 512 2711 cit.
533 2679 559 2726 p.
583 2673 640 2726 195.

195 2739 206 2772 ²
227 2743 287 2790 «Bet
316 2743 367 2790 den
394 2743 456 2791 zwei
484 2751 567 2791 ersten
594 2743 818 2809 kosmologischen
843 2745 1008 2794 Antinomien
1039 2746 1132 2793 nimmt

133 2825 203 2872 Kant
216 2824 261 2871 das
274 2823 421 2872 Unendliche
434 2823 467 2870 im
481 2823 560 2871 Sinne
579 2823 624 2871 des
636 2824 828 2874 mathematisch
842 2825 996 2884 Unvollend,
1009 2825 1129 2883 Unzcihl,

133 2905 360 2968 Unbegrenabaren.
398 2903 490 2952 Dieses
509 2905 612 2968 negativ
631 2904 791 2954 Unendliche
810 2907 842 2955 ist
866 2906 929 2955 aber
956 2906 1130 2955 thatsdchlioh

134 2984 176 3032 ein
196 2983 347 3044 Endliches‚
378 2985 469 3032 dessen
489 2984 589 3032 Grenze
607 3000 658 3033 von
677 3001 726 3033 uns
745 2986 815 3035 nieht
840 2986 973 3050 angebbar
998 2987 1041 3035 ist.
1080 2986 1130 3034 Uu-

134 3063 267 3112 endlicher
284 3065 379 3124 Raum,
399 3064 554 3112 unendliche
574 3066 642 3126 leit,
662 3067 817 3116 unendliche
835 3067 992 3115 Teilbarkeit
1010 3067 1067 3114 und
1087 3083 1129 3114 un-

135 3143 254 3192 endliche
273 3145 497 3193 Vermehrbarkeit
515 3144 573 3192 sind
592 3145 653 3193 alles
671 3147 810 3210 maginare
824 3149 935 3212 Griissen‚
954 3147 1002 3195 wie
1020 3146 1067 3195 ein
1086 3163 1129 3196 un-

135 3224 266 3273 endlicher
284 3223 483 3273 Decimalbruch
502 3225 566 3271 oder
583 3225 680 3280 V-Tt.
718 3227 767 3274 Mit
792 3227 849 3275 dem
874 3227 1040 3285 wirldichen,
1071 3228 1128 3275 dem

135 3303 327 3364 ontologischen
347 3302 525 3349 Unendlichen
552 3302 637 3350 haben
662 3306 733 3353 diese
751 3306 862 3355 Formen
886 3307 940 3354 und
966 3307 1007 3354 die
1029 3307 1128 3354 Grtlbe-
