2350 3700
113 178 147 239 84
512 190 696 227 orntncrrcu.

116 358 246 414 «neque».
268 407 271 411 .
289 338 332 397 Sit
353 355 378 397 e.
402 356 428 413 g.
451 338 616 413 propositio
636 338 827 397 disiunctiva:
849 341 911 396 Aut
930 337 1032 395 hiems
1055 347 1108 407 est,
1166 383 1168 430 y

112 438 162 486 aut
182 446 242 498 ver,
264 438 314 485 aut
328 436 431 499 aestas,
455 437 504 485 aut
525 437 689 486 autumnus,
725 427 756 486 Si
776 428 808 484 in
826 427 943 485 minore
965 426 1106 501 ponitur:
1166 499 1167 516 Χ

112 517 205 592 Atqui
225 517 320 574 hiems
342 527 402 588 est,
430 527 511 575 recte
540 517 702 576 concludes
723 516 869 575 dicendo:
896 518 981 591 Ergo
1001 533 1108 591 neque
1166 523 1167 596 l

111 625 163 665 ver
184 617 237 677 est,
258 623 358 681 neque
380 616 483 679 aestas,
506 624 606 681 neque
627 616 791 665 autumnus.
1166 600 1167 683 l

172 698 256 767 Item,
279 714 315 753 ex
330 696 436 753 eadem
450 696 576 767 ratione,
598 696 622 753 si
643 696 674 753 in
688 694 805 753 minore
819 714 911 753 unum
931 696 1106 753 membrum
1166 685 1167 718 ¹

112 797 245 860 negatur,
262 795 362 847 cetera
371 784 402 841 in
413 784 607 843 conclusione
621 784 784 842 disiunctinc
797 791 907 842 tantum
917 783 1108 859 affirmanda

113 885 194 945 sunt,
223 873 240 931 i.
264 892 288 932 e.
312 873 445 932 adhibita
465 873 609 948 particula
633 881 728 931 «aut».
772 877 807 932 ln
833 875 972 949 exemplo
1001 874 1104 942 allato,

112 964 135 1021 si
157 962 188 1020 in
209 962 324 1021 minore
346 962 465 1021 dicitur:
489 962 581 1037 Atqui
595 980 658 1021 non
673 973 717 1021 est
731 962 833 1035 hiems,
856 962 1105 1022 concludendum

112 1053 182 1110 erit:
205 1053 287 1127 Ergo
308 1062 359 1110 aut
378 1070 432 1110 ver
452 1062 504 1121 est,
527 1062 577 1109 ant
598 1063 703 1123 aestas,
726 1064 776 1111 aut
797 1063 961 1111 autumnus.

173 1142 259 1215 Quae
289 1141 411 1216 quidem
441 1142 542 1199 omnia
569 1143 670 1200 valent
698 1161 754 1217 pro
784 1143 955 1217 syllogismo
983 1143 1106 1217 proprie

112 1231 275 1289 disiunctivo
296 1240 376 1289 recte
398 1230 587 1289 instituendo
631 1231 716 1290 Idem
736 1250 809 1290 vero
837 1231 896 1290 dici
917 1250 981 1289 non
1002 1242 1106 1306 potest

21 1348 22 1353 ¹
113 1320 151 1378 de
166 1320 358 1379 conclusione
373 1318 534 1396 syllogismi
547 1322 702 1396 improprie
715 1320 891 1380 disiunctivi.
927 1322 1005 1379 Cum
1019 1319 1104 1378 enim

112 1408 143 1466 in
171 1408 376 1485 propositione
404 1408 567 1485 improprie
596 1409 772 1468 disiunctiva
800 1406 839 1485 (p.
862 1406 912 1484 47)
940 1410 1103 1481 indicetur,

113 1498 253 1556 siminus
275 1498 375 1556 omnia
395 1498 610 1575 propositionis
631 1501 781 1571 membra,
807 1502 854 1558 vel
876 1502 981 1559 saltem
1007 1519 1103 1557 unum

113 1605 149 1645 ex
170 1587 212 1646 eis
233 1606 337 1646 verum
358 1606 432 1657 esse,
454 1607 514 1646 uno
529 1589 667 1647 membro
683 1588 715 1647 in
729 1590 846 1648 minore
860 1589 1019 1661 affirmato,
1040 1590 1105 1647 alia

113 1675 144 1733 in
166 1676 359 1735 conclusione
381 1696 443 1735 non
465 1688 547 1736 recte
565 1688 721 1753 negantur,

172 1765 215 1824 Sit
241 1784 266 1824 e.
290 1784 316 1841 g.
346 1766 525 1841 propositio:
555 1768 658 1826 Petrus
680 1767 856 1842 Magistmm
883 1787 968 1826 suum
995 1770 1104 1827 velex

112 1856 229 1914 levitate
250 1857 350 1914 velex
371 1858 446 1916 falso
468 1868 605 1932 respectu
626 1859 758 1917 humano
778 1860 826 1916 uel
843 1877 880 1917 ex
907 1858 1028 1934 ignavia
1055 1862 1107 1918 vel
1169 1849 1170 1855 ἵ

112 1963 148 2004 ex
169 1945 293 2020 perfidia
313 1947 442 2020 negavit.
1169 1946 1170 1951 ’

173 2035 202 2092 Si
224 2035 256 2092 in
276 2036 392 2094 minore
414 2035 548 2111 ponitur:
571 2036 665 2111 Atqui
685 2056 748 2095 non
770 2056 807 2096 ex
821 2039 948 2113 pertidia
968 2041 1103 2114 negavit,
1169 2058 1170 2075 ³

112 2133 193 2182 recte
218 2124 340 2198 quidem
362 2125 562 2183 concluditur:
596 2128 677 2200 Ergo
702 2127 822 2202 negavit
847 2129 894 2185 vel
922 2146 960 2188 ex
980 2129 1105 2188 levitate
1169 2176 1170 2179 η

112 2215 159 2271 vel
180 2231 216 2271 ex
238 2214 311 2272 falso
333 2225 470 2289 respectu
491 2215 622 2272 humano
643 2217 691 2273 vel
713 2234 749 2274 ex
769 2215 896 2291 ignavia.
940 2217 1001 2276 Sed
1023 2220 1048 2278 si
1071 2219 1105 2276 in

112 2302 228 2359 minore
250 2302 371 2361 dicitur:
394 2303 486 2379 Atqui
507 2321 544 2362 cx
557 2304 677 2362 levitate
698 2306 827 2380 negavit,
849 2323 911 2363 non
927 2318 1008 2366 recte
1032 2327 1105 2366 con-

112 2391 293 2449 cluderetur:
317 2394 398 2467 Ergo
419 2410 517 2468 neque
539 2412 575 2451 ex
597 2394 671 2452 salso
692 2403 829 2468 respectu
850 2405 906 2454 etc.
928 2398 1060 2472 negavit,

491 2581 658 2629 Anrrcums
677 2593 719 2630 111.

213 2692 261 2740 DE
280 2692 487 2754 QUIBUSDAM
506 2694 740 2744 SYLLOGISMIS
759 2695 1002 2747 IMPERFECTIS.

173 2815 340 2891 Syllogismi
368 2816 535 2891 imperfecti
565 2819 693 2877 maxime
721 2819 846 2877 notandi
876 2831 955 2878 sunt:
988 2823 1103 2899 Enthy-

112 2923 218 2975 mema,
240 2906 448 2979 Epicherema,
472 2906 592 2980 Sorites,
614 2908 868 2983 Prosyllogismus,
890 2909 1052 2971 Dilemma.

172 3020 362 3094 Enthymema
390 3032 448 3079 est:
478 3022 653 3095 syllogismus
680 3023 875 3094 abbreviatus,
905 3026 936 3082 r'rr
963 3045 1021 3099 quo
1040 3047 1104 3085 una

106 3109 276 3182 praemissa,
291 3111 386 3165 animo
400 3117 518 3179 retenta,
533 3129 597 3168 voce
609 3130 666 3168 nort
680 3114 859 3188 exprimitur.
898 3116 932 3173 E.
949 3130 994 3190 g.:
1016 3118 1103 3175 Dens

113 3205 156 3251 est
176 3194 273 3251 iustus.
317 3197 398 3269 Ergo
419 3197 524 3255 iustam
545 3199 716 3258 mercedem
737 3201 887 3261 retribuet.

173 3281 284 3338 Animo
298 3283 439 3339 retinetur
453 3285 562 3342 maior:
580 3287 686 3346 Omnis
700 3288 791 3348 iustus
805 3290 911 3348 iustam
925 3294 1103 3354 mercedem

113 3367 253 3424 retribuit.
297 3368 346 3424 Ad
373 3372 578 3430 rectitudinem
607 3375 774 3435 huiusmodi
803 3381 967 3454 syllogismi
996 3382 1106 3442 diiudi-
