2350 3700
141 108 190 158 182
511 119 750 157 unruonouosm.

197 266 313 325 Divisio
333 266 447 342 logica,
468 266 508 324 de
529 284 590 341 qua
610 266 660 324 hic
681 266 791 342 agitur,
820 268 923 326 directe
943 269 1132 325 extemzonom

136 355 271 414 idearum
291 354 421 430 respicit.
462 354 523 412 Sed
550 355 616 430 ipsa
636 355 688 413 illa
714 355 897 416 extensionis
924 355 1131 415 declaratione

137 443 283 502 indirecte
310 444 485 502 inferiorum
513 444 816 519 comprehensionem
844 445 985 504 ostendit.
1030 447 1074 502 Et
1100 464 1131 503 re

138 533 260 608 quidem
279 552 360 603 vera,
381 533 412 591 in
434 533 542 592 arbore
557 533 760 608 porphyriana
781 552 806 592 e.
825 552 853 609 g.
877 529 917 609 (p.
942 555 956 592 2
960 530 1002 608 3),
1024 534 1051 593 si
1067 535 1131 609 quis

138 621 332 680 substantiam
352 621 384 679 in
405 640 586 697 corpoream
600 623 703 680 dividit
722 631 751 681 et
765 621 987 699 incorpoream,
1010 642 1051 682 eo
1067 624 1131 699 ipso

138 711 178 769 ad
207 711 307 769 ideam
336 711 517 770 substantiae
546 721 651 770 notam
680 712 762 769 addit
790 712 1000 787 corporeitatis
1029 723 1064 770 et
1091 713 1132 771 sic

136 818 247 858 novam
268 800 368 857 ideam
388 801 533 871 efformet,
556 800 638 858 cuius
659 800 963 876 comprehensionem
986 801 1132 872 ostendit,

136 908 193 946 non
220 889 397 958 resolvendo,
425 888 479 947 sed
507 900 713 961 eomponendo.
755 889 838 947 Hinc
866 890 977 948 tactum
1007 900 1070 961 est,
1102 901 1133 947 ut

136 977 243 1036 divisio
253 977 360 1053 logica,
375 987 522 1052 quatenus
530 996 616 1037 mens
630 977 670 1036 ad
679 978 814 1037 idearum
823 978 1132 1054 comprehensionem
1156 1037 1157 1046 ,

137 1065 272 1134 attendit,
294 1076 439 1137 synthesis
451 1067 532 1126 dicta
552 1068 597 1125 sit.
640 1070 694 1126 Est
714 1076 813 1126 autem
834 1067 940 1126 divisio
960 1067 1065 1143 logica
1083 1068 1132 1126 vel

137 1155 301 1214 essentialis
320 1157 368 1213 vel
388 1155 598 1226 accidentalis,
624 1166 726 1231 prout,
756 1155 902 1216 divisione
923 1157 973 1214 illa
994 1157 1042 1214 vel
1065 1175 1132 1231 syn·

138 1243 223 1315 thesi,
245 1243 288 1302 rei
309 1243 432 1302 alicuius
452 1255 543 1303 notae
564 1246 736 1304 essentiales
756 1245 845 1304 unice
859 1246 1060 1316 declarantur,
1083 1246 1131 1302 vel
1156 1235 1157 1286 j

137 1343 228 1390 notae
250 1332 423 1391 essentiales
436 1333 522 1390 simul
543 1344 574 1392 et
586 1333 797 1403 accidentales,
818 1335 867 1392 vel
886 1333 975 1393 etiam
990 1333 1131 1392 acciden-

137 1422 211 1478 tales
244 1431 366 1480 tantum.
407 1423 586 1497 Exemplum
616 1423 769 1482 divisionis
804 1421 968 1482 essentialis
1002 1424 1131 1498 praebet

138 1510 228 1567 arbor
245 1511 460 1586 porphyriana3
482 1511 659 1570 divisionem
673 1530 745 1570 vero
760 1511 978 1571 accidentalem
991 1513 1131 1581 habebis,

138 1597 163 1655 si
183 1599 341 1657 essentiam
362 1600 515 1674 quandam
529 1601 637 1660 dividis
658 1601 689 1659 in
703 1600 880 1673 accidentia,
903 1619 929 1660 e.
944 1620 973 1677 g.
988 1601 1130 1660 homines

137 1687 169 1744 in
190 1689 275 1746 albos
295 1697 325 1745 et
337 1687 456 1764 nigros3
476 1692 523 1748 vel
537 1691 679 1750 accidens
700 1690 731 1748 in
752 1691 894 1751 essentias
908 1689 974 1765 ipso
994 1691 1131 1761 affectas,

138 1795 164 1835 e.
187 1795 214 1853 g.
237 1777 336 1835 album
357 1777 389 1835 in
409 1779 456 1836 lac
476 1788 506 1837 et
526 1781 644 1850 nivem3
671 1781 719 1839 vel
747 1779 915 1839 accidentia
941 1779 973 1837 in
993 1779 1132 1856 ipsorum

138 1866 313 1939 accidentia,
336 1886 362 1926 e.
384 1886 412 1942 g.
434 1868 534 1926 album
560 1870 592 1926 in
612 1870 701 1929 dulce
722 1880 752 1929 et
772 1888 915 1928 amarum.

199 1964 446 2024 Classificationes
460 1986 534 2043 quas
551 1978 663 2026 vocant
683 1968 862 2028 scientificae
883 1969 1048 2044 pleraeque
1066 1987 1132 2025 non

138 2063 206 2113 sunt
226 2054 465 2114 nisidivisiones
485 2056 696 2117 accidentales.

199 2154 314 2226 Quibus
342 2154 514 2225 declaratis,
543 2156 632 2214 facile
660 2156 829 2231 intelleges,
865 2156 938 2231 quid
966 2155 1003 2214 sit
1034 2165 1131 2214 totum

137 2242 277 2317 logicum,
299 2253 393 2301 totum
413 2244 659 2319 metaphysicum‚
681 2254 775 2303 totum
790 2245 953 2321 physicum.
990 2246 1129 2303 Etenim:
1157 2280 1158 2335 t

198 2342 308 2400 Totum
328 2343 445 2416 logicum
466 2352 525 2401 est:
548 2341 618 2401 idea
637 2343 810 2402 universalis
831 2362 849 2401 a
869 2353 971 2402 mente
994 2344 1131 2402 conside·
1157 2340 1158 2381 t

138 2442 202 2489 rata
228 2441 260 2489 ut
286 2450 379 2489 unum
404 2442 544 2491 constans
572 2450 610 2491 ex
630 2432 816 2507 infertoribus
837 2434 895 2492 suis
916 2443 1073 2508 tamquam
1096 2450 1131 2490 ex
1157 2436 1158 2489 ἰ

138 2521 271 2597 partibus
292 2515 510 2597 (consideratur
530 2521 617 2580 ideae
638 2516 781 2595 extensio).
1157 2526 1158 2531 ’

198 2622 307 2679 Totum
327 2638 400 2678 vero
420 2620 635 2695 metaphysicum
656 2630 714 2679 est:
737 2639 828 2680 unum
849 2629 992 2680 constans
1011 2638 1050 2679 ex
1066 2640 1131 2695 par·

138 2711 229 2781 tibus,
259 2727 337 2785 quae
364 2728 426 2768 non
455 2719 522 2768 sunt
543 2710 600 2767 nisi
620 2710 705 2769 unius
727 2719 756 2768 et
784 2709 917 2769 eiusdem
946 2710 990 2767 rei
1018 2710 1129 2785 gradus

139 2799 334 2875 metaphysici
357 2793 572 2874 (consideratur
593 2798 680 2857 ideae
701 2792 923 2875 comprehensio).

199 2899 308 2955 Totum
329 2898 461 2973 denique
478 2898 622 2973 physicum
643 2907 702 2955 est:
723 2916 815 2957 unum
830 2907 969 2956 constans
985 2898 1127 2973 partibus,

139 3006 216 3064 quae
238 2998 269 3045 ut
289 2998 388 3062 partes
408 2988 550 3046 exsistunt
569 2988 600 3044 in
622 3004 721 3045 rerum
742 2997 847 3046 natura
860 2988 878 3045 ¹.

203 3216 287 3265 ¹Hae
307 3218 422 3267 notiones
442 3219 558 3268 clariores
577 3218 639 3267 fient
664 3235 695 3267 ex
721 3219 764 3278 iis,
788 3234 852 3283 quae
878 3219 945 3267 eirca
963 3219 1079 3268 diversas
1097 3221 1128 3267 di-

140 3299 286 3347 stinctiones
306 3296 414 3344 dicenda
431 3308 489 3346 sunt
508 3300 533 3346 in
551 3299 691 3363 ontologia.
