2350 3700
111 170 164 221 370
302 171 340 207 DE
359 170 458 207 causls
478 169 618 207 SUPREMIS
639 168 736 205 MUNDI
756 168 908 205 CORPOREI.

511 356 620 404 arnan
642 356 692 404 111.

142 475 206 537 DE
229 473 389 541 CAUSIS
411 470 633 540 SUPREMIS
656 474 807 537 MUNDI
832 472 1072 537 CORPOREI.

523 624 634 684 Carus
654 640 674 683 1.

270 750 327 807 oa
348 749 523 809 NATURA
543 749 686 808 nuuor
707 732 932 808 conponat.

526 890 642 949 Sacrro
664 908 682 949 1.

175 1014 232 1063 DE
247 1013 401 1063 NATURA
421 1014 622 1073 CORPORUM,
642 1014 766 1063 PROUT
780 1001 1040 1063 SJNGJL'LATJM

441 1094 462 1142 C
462 1094 684 1143 ONSIDERAN
683 1094 711 1143 T
710 1094 764 1145 UR.

498 1218 667 1267 Anrrcuuus
687 1229 705 1266 1.

164 1326 341 1375 DIVERSAE
359 1326 584 1375 SENTENTIAE
603 1326 710 1375 CIRCA
729 1324 1051 1375 CONSTITUTIONEM

372 1407 567 1457 CORPORUM
585 1406 835 1457 EXPONUNTUR.

462 1528 746 1581 PRAENOTIONES.

170 1647 308 1722 Corpora
335 1663 372 1703 ex
398 1644 531 1721 pluribus
559 1644 731 1703 coalescere
759 1643 947 1720 experientia
975 1655 1107 1704 constat
1170 1656 1171 1673 ¹

111 1735 222 1794 Omnia
241 1743 366 1811 possunt
386 1732 478 1793 dividi
498 1733 529 1790 in
550 1744 664 1810 partes,
687 1743 717 1792 et
737 1734 793 1818 alia
816 1733 939 1809 quidem
961 1752 1027 1792 non
1044 1734 1111 1793 nisi

110 1824 142 1884 in
163 1835 261 1900 partes
283 1823 416 1883 eiusdem
432 1833 556 1882 naturae
570 1842 607 1882 ac
621 1833 726 1896 totum,
745 1833 780 1882 ut
791 1822 913 1896 ferm
932 1834 1106 1900 argentum,

8 1963 9 1966 ,
110 1913 347 1990 hydrogenium3
372 1913 435 1971 alia
454 1931 531 1972 vero
552 1915 706 1989 mtaque
733 1912 764 1970 iu
791 1914 890 1990 plures
917 1925 1042 1973 naturas
1064 1915 1108 1972 di·

110 2021 218 2075 versas,
235 2023 360 2078 quarum
370 2002 586 2078 compositione
597 2003 822 2061 constituuntur.
844 2001 948 2060 Priora
964 2001 1108 2062 dicuntur

111 2101 230 2169 corpora
250 2093 395 2168 simplicia,
418 2093 511 2150 altera
531 2109 604 2150 vero
625 2099 744 2167 corpora
765 2093 920 2168 composita.

171 2182 257 2254 Quae
273 2182 395 2256 quidem
410 2200 539 2257 corpora
553 2181 721 2257 composita
734 2180 775 2238 ita
789 2181 975 2257 quandoque
990 2199 1029 2240 ex
1043 2183 1107 2258 plu·
1170 2245 1171 2256 χ

111 2271 191 2329 ribus
212 2271 401 2342 coalescunt,
422 2281 455 2328 ut
475 2269 689 2346 componentia
709 2280 739 2328 et
759 2269 904 2347 ipsasint
925 2271 1104 2347 composita.

110 2363 175 2418 Iam
197 2378 267 2418 vero
289 2379 357 2417 cum
377 2369 501 2436 propter
522 2359 750 2435 repugnantiam
771 2360 887 2419 numeri
908 2372 976 2419 actu
994 2360 1106 2418 infiniti

111 2449 281 2526 progressio
303 2449 416 2507 infinita
437 2448 502 2508 dari
523 2467 584 2506 non
612 2447 719 2524 possit,
749 2448 852 2506 ultimo
878 2448 1106 2508 deveniendum
1170 2445 1171 2448 ’

112 2540 167 2598 erit
188 2539 227 2597 ad
248 2537 374 2614 aliquid,
397 2538 480 2614 quod
501 2538 532 2596 in
553 2537 625 2596 alias
645 2547 765 2596 naturas
787 2537 894 2596 resolvi
915 2557 978 2596 non
998 2537 1107 2614 possit.

111 2626 261 2703 Principia
282 2638 381 2686 autem
401 2628 467 2699 illa,
497 2645 534 2685 ex
555 2627 662 2702 quibus
683 2612 781 2702 primd
809 2645 856 2684 res
884 2644 1034 2702 corporea
1062 2626 1109 2684 in-

111 2716 256 2776 trinsecus
275 2717 464 2792 componitur
478 2725 508 2773 et
521 2716 552 2773 in
567 2733 645 2790 quae
660 2715 763 2773 ultimo
778 2713 940 2786 resolvitur,
963 2713 1109 2775 dicuntur

112 2808 252 2864 elementa.
286 2807 443 2864 Elementa
463 2804 592 2881 proinde
614 2805 645 2861 in
667 2803 724 2861 alia
745 2822 874 2880 corpora
895 2803 1032 2863 diversae
1054 2824 1109 2863 na·

111 2906 194 2954 turae
216 2893 323 2954 resolvi
343 2913 406 2952 non
420 2903 552 2970 possunt,
574 2893 629 2952 etsi
643 2891 758 2951 ratione
773 2891 943 2969 quantitatis
956 2893 988 2951 in
1002 2905 1108 2969 partes

112 2984 246 3042 eiusdem
265 2993 388 3041 naturae
415 3003 452 3041 ac
480 2985 661 3042 elementum
689 2981 782 3040 dividi
807 2991 940 3056 possunt.
982 2982 1108 3042 atomus

112 3089 184 3128 vero
205 3081 249 3128 est
266 3063 460 3127 minutissima
474 3090 544 3146 pars
558 3069 707 3141 elementi,
731 3086 808 3145 quae
822 3069 937 3128 ratione
952 3090 1023 3130 suae
1039 3074 1107 3131 sun

110 3155 220 3212 tilitatis
240 3166 284 3213 est
304 3156 488 3228 insecabilis,
509 3158 573 3229 vel,
596 3168 628 3216 ut
649 3157 732 3216 aiunt
753 3157 897 3229 chemin,
921 3160 1013 3218 atomi
1036 3168 1105 3218 sunt

111 3241 226 3294 ultimae
238 3248 340 3313 partes
352 3242 543 3315 hemgeneaa
564 3248 596 3302 in
616 3264 688 3320 quas
701 3254 822 3321 corpora
838 3246 954 3304 chemicc
966 3250 1105 3324 simplicia

112 3324 225 3392 atzalysi
236 3329 430 3396 permutatim
450 3331 558 3387 resolvi
580 3346 713 3406 possunt.
