2350 3700
309 128 314 137 “
370 173 372 175 .
403 149 441 184 na
460 147 718 193 AEQUIPOLLENTIA.
1022 148 1052 201 57

120 297 163 353 Π.
190 316 215 353 1.
238 296 324 354 Solus
344 297 427 354 Deus
448 306 493 356 est
513 307 659 355 aeternus.

125 405 152 442 2.
175 386 280 443 Petrus
300 384 392 443 habet
412 402 517 444 omnes
537 386 624 445 dotes
644 385 828 463 philosophi,
851 396 969 463 praeter
990 404 1055 463 per·

40 485 272 532 severantram.

63 588 68 595 ·
123 565 292 638 3.‹H0m0,
314 582 374 638 qua
394 563 554 635 rationalis,
576 564 652 622 liber
673 574 725 623 est.

124 673 154 724 4.
176 655 284 711 Petrus
304 652 423 711 doctior
444 663 489 711 est
509 655 633 712 Ioanne.

122 752 178 808 111.
202 752 285 810 Deus
305 768 424 827 semper
444 751 552 809 fuit-
566 753 648 810 Deus
669 769 832 827 numquam
852 751 958 811 fuit-
972 754 1055 813 Deus

46 848 105 897 est
126 839 253 915 ubique.

121 938 178 995 IV.
211 937 300 996 Ratio
329 938 460 995 humana
490 954 527 995 ex
556 938 810 1014 contemplatione
843 957 940 998 rerum
976 957 1055 998 crea-

46 1034 160 1084 tarum
175 1027 277 1084 Deum
296 1036 327 1085 ut
347 1026 461 1085 infinite
481 1027 648 1103 perfectum
667 1045 735 1085 cum
755 1026 930 1086 certitudine
946 1046 1055 1104 cogno·

49 1132 149 1174 scere
170 1124 279 1191 potest.

453 1249 618 1298 Armenius
639 1260 668 1299 11.

365 1370 414 1418 ns
432 1370 753 1433 neoutronesurm.

465 1518 483 1585 ἐ
505 1535 527 1571 1.
559 1522 656 1571 Notio.

124 1644 220 1719 Apud
233 1644 347 1719 logicos
361 1645 575 1720 aequipollentes
588 1642 726 1703 dicuntur
740 1644 968 1720 propositiones,
982 1664 1055 1721 qnae

54 1752 99 1790 ex
126 1733 222 1791 codem
248 1735 365 1791 subiecto
391 1741 419 1790 et
443 1734 535 1791 eodem
556 1734 722 1810 praedicato
748 1742 903 1792 constantes
929 1754 988 1791 uno
1011 1752 1054 1793 vo

54 1822 162 1880 altera
187 1823 334 1896 nogatzonc
359 1822 502 1898 differunt
520 1830 555 1880 ·et
579 1830 673 1881 tamen
700 1823 771 1881 idem
793 1823 962 1900 signficant.
1006 1822 1055 1882 Sic

55 1911 305 1987 aequipollentes
334 1913 407 1971 fiunt
435 1923 595 1988 sequentes
624 1913 845 1989 propositiones
880 1912 1053 1990 oppositae:

58 2000 298 2059 «omnishomo
318 2012 363 2060 est
383 2001 519 2078 sapiens»
543 2013 573 2061 et
597 2003 710 2062 «nullus
730 2003 822 2061 homo
848 2013 892 2062 est
917 2002 1052 2079 sapiens»

55 2110 100 2149 ex
122 2090 279 2149 additione
299 2090 467 2166 negationis
491 2109 588 2149 «non»
611 2091 764 2167 inpriore
792 2093 839 2150 vel
867 2094 960 2150 altera
989 2109 1056 2167 pro·
1165 2141 1166 2144 ,

54 2178 225 2255 positione.
271 2179 398 2239 «Omnis
422 2181 513 2238 homo
540 2199 604 2239 non
632 2190 677 2239 est
704 2181 831 2239 animal»
863 2181 945 2240 idem
975 2180 1055 2238 enim

57 2280 107 2328 est
130 2288 168 2326 ac
193 2270 306 2328 «nullus
326 2271 417 2328 homo
438 2279 483 2329 est
503 2270 642 2342 animal»,
674 2280 704 2329 et
734 2271 846 2328 «nullus
873 2271 965 2328 homo
993 2287 1055 2328 non

58 2368 108 2418 est
131 2357 262 2416 animal»
284 2358 366 2418 idem
386 2370 431 2418 est
451 2379 488 2418 ac
511 2359 625 2418 «omnis
646 2360 737 2418 homo
759 2369 804 2419 est
824 2359 963 2420 animal».

127 2446 374 2523 Aequipollentia
389 2448 517 2524 proinde
531 2448 684 2508 delinitur:
698 2450 821 2507 duorum
831 2450 1055 2524 propositionum

61 2533 296 2613 (oppositarum)
330 2539 537 2613 aequivalentia
565 2547 686 2614 propter
718 2540 892 2612 negotionem
922 2538 1057 2595 alterutri
1165 2547 1166 2550 ’

61 2627 204 2684 additam.

466 2740 484 2807 ξ
503 2756 526 2793 2.
560 2746 662 2805 Leges.
688 2807 691 2817 ι

128 2866 178 2923 De
200 2865 431 2942 aequipollentia
450 2865 690 2943 propositionum
710 2867 786 2924 haee
813 2875 881 2924 sunt
908 2865 1054 2924 tenenda:

128 2966 152 3022 Ι.
176 2965 223 3022 De
244 2964 475 3039 aequipollentia
495 2961 734 3040 propositionum
754 2965 925 3040 simplicium.
984 2991 987 2994 ·

133 3082 158 3119 1.
178 3061 325 3121 Particula
341 3080 437 3120 «non»
448 3064 585 3140 praefixa
598 3062 731 3123 subiecto
741 3062 953 3139 propositionis
963 3073 1056 3122 mutat

68 3169 138 3209 eam
159 3149 191 3207 in
211 3149 464 3225 aequipollentem
483 3152 715 3216 contradictoriae.
736 3153 800 3208 etos.
830 3153 865 3209 E.
881 3167 925 3226 g.:
950 3151 1056 3211 Omnis

69 3239 163 3297 homo
185 3247 229 3297 est
249 3238 385 3314 sapiens3
413 3257 476 3296 non
503 3237 601 3295 omnis
627 3237 720 3294 homo
743 3239 926 3312 estsapiens
950 3259 983 3282 =
1007 3239 1056 3292 ali·

73 3328 139 3403 quis
158 3328 249 3387 homo
269 3346 333 3385 non
354 3337 399 3384 est
419 3327 546 3400 sapiens.
564 3353 601 3362 -
617 3323 732 3396 Aliquis
752 3323 843 3378 homo
865 3333 909 3378 est
922 3321 1056 3392 sapiens3
