<?xml version="1.0" encoding="UTF-8"?>
<!DOCTYPE html PUBLIC "-//W3C//DTD XHTML 1.0 Transitional//EN"
    "http://www.w3.org/TR/xhtml1/DTD/xhtml1-transitional.dtd">
<html xmlns="http://www.w3.org/1999/xhtml" xml:lang="en" lang="en">
 <head>
  <title>
</title>
<meta http-equiv="Content-Type" content="text/html;charset=utf-8" />
  <meta name='ocr-system' content='tesseract 3.04.00' />
  <meta name='ocr-capabilities' content='ocr_page ocr_carea ocr_par ocr_line ocrx_word'/>
</head>
<body>
  <div class='ocr_page' id='page_1' title='image "./elementaphiloso00reingoog_0202.png"; bbox 0 0 2350 3700; ppageno 0'>
   <div class='ocr_carea' id='block_1_1' title="bbox 140 113 752 164">
    <p class='ocr_par' dir='ltr' id='par_1_1' title="bbox 140 113 752 164">
     <span class='ocr_line' id='line_1_1' title="bbox 140 113 752 164; baseline 0.002 -14"><span class='ocrx_word' id='word_1_1' title='bbox 140 113 190 164; x_wconf 77' lang='lat'>170</span> <span class='ocrx_word' id='word_1_2' title='bbox 519 114 752 151; x_wconf 81' lang='lat' dir='ltr'>CRITERIOLOGIA.</span> 
     </span>
    </p>
   </div>
   <div class='ocr_carea' id='block_1_2' title="bbox 136 254 1161 2282">
    <p class='ocr_par' dir='ltr' id='par_1_2' title="bbox 136 254 1140 515">
     <span class='ocr_line' id='line_1_2' title="bbox 198 254 1124 336; baseline -0.01 -15"><span class='ocrx_word' id='word_1_3' title='bbox 198 263 309 321; x_wconf 90' lang='lat' dir='ltr'>Mentis</span> <span class='ocrx_word' id='word_1_4' title='bbox 337 262 470 320; x_wconf 78' lang='lat' dir='ltr'><em>adhaesio</em></span> <span class='ocrx_word' id='word_1_5' title='bbox 490 262 533 318; x_wconf 84' lang='lat' dir='ltr'>od</span> <span class='ocrx_word' id='word_1_6' title='bbox 548 263 697 319; x_wconf 83' lang='lat' dir='ltr'>veritatem</span> <span class='ocrx_word' id='word_1_7' title='bbox 718 261 881 336; x_wconf 86' lang='lat' dir='ltr'><strong>cognitam,</strong></span> <span class='ocrx_word' id='word_1_8' title='bbox 907 259 1027 336; x_wconf 91' lang='lat' dir='ltr'>quibus</span> <span class='ocrx_word' id='word_1_9' title='bbox 1048 254 1124 314; x_wconf 86' lang='lat' dir='ltr'>verb&#39;</span> 
     </span>
     <span class='ocr_line' id='line_1_3' title="bbox 136 347 1132 426; baseline -0.009 -16"><span class='ocrx_word' id='word_1_10' title='bbox 136 351 284 410; x_wconf 85' lang='lat' dir='ltr'>indicatur</span> <span class='ocrx_word' id='word_1_11' title='bbox 303 368 398 426; x_wconf 86' lang='lat' dir='ltr'>genus</span> <span class='ocrx_word' id='word_1_12' title='bbox 419 350 597 426; x_wconf 88' lang='lat' dir='ltr'>proximum,</span> <span class='ocrx_word' id='word_1_13' title='bbox 619 349 650 407; x_wconf 93' lang='lat' dir='ltr'>id</span> <span class='ocrx_word' id='word_1_14' title='bbox 665 349 787 421; x_wconf 85' lang='lat' dir='ltr'>scilicet,</span> <span class='ocrx_word' id='word_1_15' title='bbox 810 368 870 425; x_wconf 92' lang='lat' dir='ltr'>quo</span> <span class='ocrx_word' id='word_1_16' title='bbox 892 347 1058 408; x_wconf 88' lang='lat' dir='ltr'>certitudo</span> <span class='ocrx_word' id='word_1_17' title='bbox 1079 363 1132 402; x_wconf 89' lang='lat' dir='ltr'>con</span> 
     </span>
     <span class='ocr_line' id='line_1_4' title="bbox 136 435 1073 515; baseline -0.009 -16"><span class='ocrx_word' id='word_1_18' title='bbox 136 440 218 500; x_wconf 91' lang='lat' dir='ltr'>venit</span> <span class='ocrx_word' id='word_1_19' title='bbox 239 459 306 498; x_wconf 89' lang='lat' dir='ltr'>cum</span> <span class='ocrx_word' id='word_1_20' title='bbox 328 439 481 515; x_wconf 89' lang='lat' dir='ltr'>opinione,</span> <span class='ocrx_word' id='word_1_21' title='bbox 504 449 535 497; x_wconf 94' lang='lat' dir='ltr'>et</span> <span class='ocrx_word' id='word_1_22' title='bbox 556 439 657 497; x_wconf 87' lang='lat' dir='ltr'>differt</span> <span class='ocrx_word' id='word_1_23' title='bbox 678 440 716 497; x_wconf 91' lang='lat' dir='ltr'>ab</span> <span class='ocrx_word' id='word_1_24' title='bbox 738 457 842 498; x_wconf 89' lang='lat' dir='ltr'>errore</span> <span class='ocrx_word' id='word_1_25' title='bbox 862 449 894 498; x_wconf 89' lang='lat' dir='ltr'>et</span> <span class='ocrx_word' id='word_1_26' title='bbox 916 459 935 497; x_wconf 91' lang='lat' dir='ltr'>a</span> <span class='ocrx_word' id='word_1_27' title='bbox 960 435 1073 496; x_wconf 80' lang='lat' dir='ltr'>dubio,</span> 
     </span>
    </p>

    <p class='ocr_par' dir='ltr' id='par_1_3' title="bbox 137 525 1141 782">
     <span class='ocr_line' id='line_1_5' title="bbox 196 525 1141 601; baseline -0.004 -15"><span class='ocrx_word' id='word_1_28' title='bbox 196 531 300 586; x_wconf 86' lang='lat' dir='ltr'>Firmo</span> <span class='ocrx_word' id='word_1_29' title='bbox 321 528 472 601; x_wconf 86' lang='lat' dir='ltr'>adhaesio,</span> <span class='ocrx_word' id='word_1_30' title='bbox 495 527 513 586; x_wconf 90' lang='lat' dir='ltr'>i.</span> <span class='ocrx_word' id='word_1_31' title='bbox 529 547 556 587; x_wconf 88' lang='lat' dir='ltr'>e.</span> <span class='ocrx_word' id='word_1_32' title='bbox 578 527 723 586; x_wconf 86' lang='lat' dir='ltr'>adhaesio</span> <span class='ocrx_word' id='word_1_33' title='bbox 738 528 802 586; x_wconf 92' lang='lat' dir='ltr'>sine</span> <span class='ocrx_word' id='word_1_34' title='bbox 817 529 942 587; x_wconf 90' lang='lat' dir='ltr'>errandi</span> <span class='ocrx_word' id='word_1_35' title='bbox 960 525 1141 586; x_wconf 86' lang='lat' dir='ltr'>formidine·</span> 
     </span>
     <span class='ocr_line' id='line_1_6' title="bbox 137 611 1136 694; baseline -0.006 -18"><span class='ocrx_word' id='word_1_36' title='bbox 137 617 306 677; x_wconf 84' lang='lat' dir='ltr'>differentia</span> <span class='ocrx_word' id='word_1_37' title='bbox 326 617 475 694; x_wconf 86' lang='lat' dir='ltr'>specifica,</span> <span class='ocrx_word' id='word_1_38' title='bbox 498 618 682 676; x_wconf 89' lang='lat' dir='ltr'>elementum</span> <span class='ocrx_word' id='word_1_39' title='bbox 703 617 825 689; x_wconf 86' lang='lat' dir='ltr'>scilicet,</span> <span class='ocrx_word' id='word_1_40' title='bbox 848 636 911 693; x_wconf 93' lang='lat' dir='ltr'>quo</span> <span class='ocrx_word' id='word_1_41' title='bbox 933 617 1051 675; x_wconf 88' lang='lat' dir='ltr'>differt</span> <span class='ocrx_word' id='word_1_42' title='bbox 1065 611 1136 672; x_wconf 86' lang='lat' dir='ltr'>certi</span> 
     </span>
     <span class='ocr_line' id='line_1_7' title="bbox 137 706 442 782; baseline 0.003 -17"><span class='ocrx_word' id='word_1_43' title='bbox 137 707 209 766; x_wconf 90' lang='lat' dir='ltr'>tudo</span> <span class='ocrx_word' id='word_1_44' title='bbox 230 708 268 765; x_wconf 91' lang='lat' dir='ltr'>ab</span> <span class='ocrx_word' id='word_1_45' title='bbox 290 706 442 782; x_wconf 89' lang='lat' dir='ltr'>opinione.</span> 
     </span>
    </p>

    <p class='ocr_par' dir='ltr' id='par_1_4' title="bbox 137 795 1156 960">
     <span class='ocr_line' id='line_1_8' title="bbox 198 795 1136 872; baseline -0.004 -18"><span class='ocrx_word' id='word_1_46' title='bbox 198 799 267 854; x_wconf 92' lang='lat' dir='ltr'>Duo</span> <span class='ocrx_word' id='word_1_47' title='bbox 294 795 423 872; x_wconf 86' lang='lat' dir='ltr'>proinde</span> <span class='ocrx_word' id='word_1_48' title='bbox 451 797 603 854; x_wconf 90' lang='lat' dir='ltr'>elementa</span> <span class='ocrx_word' id='word_1_49' title='bbox 630 795 660 853; x_wconf 93' lang='lat' dir='ltr'>in</span> <span class='ocrx_word' id='word_1_50' title='bbox 691 795 876 854; x_wconf 89' lang='lat' dir='ltr'>certitudinis</span> <span class='ocrx_word' id='word_1_51' title='bbox 905 795 1046 854; x_wconf 91' lang='lat' dir='ltr'>notione</span> <span class='ocrx_word' id='word_1_52' title='bbox 1079 811 1136 850; x_wconf 93' lang='lat' dir='ltr'>con</span> 
     </span>
     <span class='ocr_line' id='line_1_9' title="bbox 137 872 1156 960; baseline -0.004 -16"><span class='ocrx_word' id='word_1_53' title='bbox 137 885 260 944; x_wconf 90' lang='lat' dir='ltr'>siderari</span> <span class='ocrx_word' id='word_1_54' title='bbox 281 895 419 960; x_wconf 85' lang='lat' dir='ltr'>possunt:</span> <span class='ocrx_word' id='word_1_55' title='bbox 1150 872 1156 960; x_wconf 61' lang='lat' dir='ltr'>fl</span> 
     </span>
    </p>

    <p class='ocr_par' dir='ltr' id='par_1_5' title="bbox 137 964 1156 1144">
     <span class='ocr_line' id='line_1_10' title="bbox 201 964 1156 1050; baseline -0.004 -18"><span class='ocrx_word' id='word_1_56' title='bbox 201 996 225 1032; x_wconf 89' lang='lat'>1.</span> <span class='ocrx_word' id='word_1_57' title='bbox 254 976 317 1050; x_wconf 84' lang='lat' dir='ltr'>ipso</span> <span class='ocrx_word' id='word_1_58' title='bbox 343 976 388 1031; x_wconf 76' lang='lat' dir='ltr'>rei</span> <span class='ocrx_word' id='word_1_59' title='bbox 406 976 513 1032; x_wconf 82' lang='lat' dir='ltr'>veritos</span> <span class='ocrx_word' id='word_1_60' title='bbox 541 992 578 1032; x_wconf 93' lang='lat' dir='ltr'>eo</span> <span class='ocrx_word' id='word_1_61' title='bbox 600 975 693 1033; x_wconf 93' lang='lat' dir='ltr'>modo</span> <span class='ocrx_word' id='word_1_62' title='bbox 714 973 920 1045; x_wconf 83' lang='lat' dir='ltr'>manifestata,</span> <span class='ocrx_word' id='word_1_63' title='bbox 950 985 986 1033; x_wconf 90' lang='lat' dir='ltr'>ut</span> <span class='ocrx_word' id='word_1_64' title='bbox 1010 964 1156 1049; x_wconf 77' lang='lat' dir='ltr'>postulet¹¹</span> 
     </span>
     <span class='ocr_line' id='line_1_11' title="bbox 137 1064 826 1134; baseline -0.003 -12"><span class='ocrx_word' id='word_1_65' title='bbox 137 1067 253 1122; x_wconf 89' lang='lat' dir='ltr'>firmum</span> <span class='ocrx_word' id='word_1_66' title='bbox 274 1079 442 1122; x_wconf 86' lang='lat' dir='ltr'>assensum:</span> <span class='ocrx_word' id='word_1_67' title='bbox 464 1064 626 1121; x_wconf 79' lang='lat' dir='ltr'>elementum</span> <span class='ocrx_word' id='word_1_68' title='bbox 647 1065 826 1134; x_wconf 62' lang='lat' dir='ltr'>obtectam,-</span> 
     </span>
    </p>

    <p class='ocr_par' dir='ltr' id='par_1_6' title="bbox 137 1151 1161 1318">
     <span class='ocr_line' id='line_1_12' title="bbox 199 1151 1161 1231; baseline -0.002 -21"><span class='ocrx_word' id='word_1_69' title='bbox 199 1175 224 1212; x_wconf 89' lang='lat'>2.</span> <span class='ocrx_word' id='word_1_70' title='bbox 240 1155 449 1229; x_wconf 62' lang='lat' dir='ltr'>tpsofirmitos,</span> <span class='ocrx_word' id='word_1_71' title='bbox 465 1171 525 1228; x_wconf 91' lang='lat' dir='ltr'>qua</span> <span class='ocrx_word' id='word_1_72' title='bbox 539 1171 624 1211; x_wconf 89' lang='lat' dir='ltr'>mens</span> <span class='ocrx_word' id='word_1_73' title='bbox 639 1154 753 1228; x_wconf 89' lang='lat' dir='ltr'>absque</span> <span class='ocrx_word' id='word_1_74' title='bbox 763 1154 822 1210; x_wconf 90' lang='lat' dir='ltr'>ulla</span> <span class='ocrx_word' id='word_1_75' title='bbox 833 1153 953 1211; x_wconf 91' lang='lat' dir='ltr'>errandi</span> <span class='ocrx_word' id='word_1_76' title='bbox 969 1151 1161 1231; x_wconf 33' lang='lat' dir='ltr'>formidine·¹</span> 
     </span>
     <span class='ocr_line' id='line_1_13' title="bbox 137 1240 1137 1318; baseline -0.002 -18"><span class='ocrx_word' id='word_1_77' title='bbox 137 1242 225 1301; x_wconf 91' lang='lat' dir='ltr'>alicui</span> <span class='ocrx_word' id='word_1_78' title='bbox 234 1242 311 1318; x_wconf 91' lang='lat' dir='ltr'>parti</span> <span class='ocrx_word' id='word_1_79' title='bbox 321 1241 567 1301; x_wconf 86' lang='lat' dir='ltr'>contradictionis</span> <span class='ocrx_word' id='word_1_80' title='bbox 576 1242 735 1300; x_wconf 86' lang='lat' dir='ltr'>adhaeret:</span> <span class='ocrx_word' id='word_1_81' title='bbox 750 1243 913 1300; x_wconf 79' lang='lat' dir='ltr'>clementum</span> <span class='ocrx_word' id='word_1_82' title='bbox 922 1243 1111 1300; x_wconf 64' lang='lat' dir='ltr'>subici-taam</span> <span class='ocrx_word' id='word_1_83' title='bbox 1123 1240 1137 1298; x_wconf 87' lang='lat'>¹.</span> 
     </span>
    </p>

    <p class='ocr_par' dir='ltr' id='par_1_7' title="bbox 137 1329 1161 1943">
     <span class='ocr_line' id='line_1_14' title="bbox 197 1329 1139 1404; baseline -0.003 -15"><span class='ocrx_word' id='word_1_84' title='bbox 197 1334 243 1389; x_wconf 87' lang='lat' dir='ltr'>Ex</span> <span class='ocrx_word' id='word_1_85' title='bbox 256 1331 302 1390; x_wconf 92' lang='lat' dir='ltr'>his</span> <span class='ocrx_word' id='word_1_86' title='bbox 316 1331 432 1390; x_wconf 91' lang='lat' dir='ltr'>duobus</span> <span class='ocrx_word' id='word_1_87' title='bbox 446 1331 602 1390; x_wconf 89' lang='lat' dir='ltr'>elementis</span> <span class='ocrx_word' id='word_1_88' title='bbox 616 1329 708 1389; x_wconf 91' lang='lat' dir='ltr'>oritur</span> <span class='ocrx_word' id='word_1_89' title='bbox 723 1331 870 1389; x_wconf 86' lang='lat' dir='ltr'>certitudo</span> <span class='ocrx_word' id='word_1_90' title='bbox 879 1331 1036 1404; x_wconf 70' lang='lat' dir='ltr'>formalis,</span> <span class='ocrx_word' id='word_1_91' title='bbox 1060 1347 1139 1404; x_wconf 89' lang='lat' dir='ltr'>quae</span> 
     </span>
     <span class='ocr_line' id='line_1_15' title="bbox 137 1417 1161 1495; baseline -0.004 -16"><span class='ocrx_word' id='word_1_92' title='bbox 137 1439 206 1479; x_wconf 85' lang='lat' dir='ltr'>curn</span> <span class='ocrx_word' id='word_1_93' title='bbox 233 1420 270 1478; x_wconf 93' lang='lat' dir='ltr'>sit</span> <span class='ocrx_word' id='word_1_94' title='bbox 297 1430 388 1479; x_wconf 83' lang='lat' dir='ltr'>status</span> <span class='ocrx_word' id='word_1_95' title='bbox 408 1418 531 1495; x_wconf 85' lang='lat' dir='ltr'>quidam</span> <span class='ocrx_word' id='word_1_96' title='bbox 552 1419 676 1491; x_wconf 88' lang='lat' dir='ltr'>mentis,</span> <span class='ocrx_word' id='word_1_97' title='bbox 707 1419 815 1478; x_wconf 91' lang='lat' dir='ltr'>dicitur</span> <span class='ocrx_word' id='word_1_98' title='bbox 843 1419 1021 1495; x_wconf 90' lang='lat' dir='ltr'>simpliciter</span> <span class='ocrx_word' id='word_1_99' title='bbox 1053 1417 1161 1476; x_wconf 50' lang='lat' dir='ltr'>certi·¹</span> 
     </span>
     <span class='ocr_line' id='line_1_16' title="bbox 137 1508 1133 1584; baseline -0.004 -17"><span class='ocrx_word' id='word_1_100' title='bbox 137 1509 210 1568; x_wconf 92' lang='lat' dir='ltr'>tudo</span> <span class='ocrx_word' id='word_1_101' title='bbox 231 1509 393 1568; x_wconf 91' lang='lat' dir='ltr'>subiectiva</span> <span class='ocrx_word' id='word_1_102' title='bbox 413 1510 461 1567; x_wconf 89' lang='lat' dir='ltr'>vel</span> <span class='ocrx_word' id='word_1_103' title='bbox 482 1508 630 1567; x_wconf 87' lang='lat' dir='ltr'>certitudo</span> <span class='ocrx_word' id='word_1_104' title='bbox 651 1509 682 1566; x_wconf 92' lang='lat' dir='ltr'>in</span> <span class='ocrx_word' id='word_1_105' title='bbox 704 1526 792 1567; x_wconf 90' lang='lat' dir='ltr'>sensu</span> <span class='ocrx_word' id='word_1_106' title='bbox 807 1509 970 1567; x_wconf 91' lang='lat' dir='ltr'>subiectivo</span> <span class='ocrx_word' id='word_1_107' title='bbox 995 1519 1133 1584; x_wconf 86' lang='lat' dir='ltr'>accepta.</span> 
     </span>
     <span class='ocr_line' id='line_1_17' title="bbox 138 1598 1161 1675; baseline -0.006 -19"><span class='ocrx_word' id='word_1_108' title='bbox 138 1600 166 1656; x_wconf 84' lang='lat' dir='ltr'>A</span> <span class='ocrx_word' id='word_1_109' title='bbox 193 1599 327 1675; x_wconf 88' lang='lat' dir='ltr'>perfecta</span> <span class='ocrx_word' id='word_1_110' title='bbox 354 1607 453 1656; x_wconf 90' lang='lat' dir='ltr'>autem</span> <span class='ocrx_word' id='word_1_111' title='bbox 474 1598 525 1655; x_wconf 84' lang='lat' dir='ltr'>illa</span> <span class='ocrx_word' id='word_1_112' title='bbox 545 1598 722 1656; x_wconf 87' lang='lat' dir='ltr'>certitudine</span> <span class='ocrx_word' id='word_1_113' title='bbox 750 1598 913 1657; x_wconf 87' lang='lat' dir='ltr'>subiectiva</span> <span class='ocrx_word' id='word_1_114' title='bbox 941 1598 1135 1672; x_wconf 86' lang='lat' dir='ltr'>distinguitur</span> <span class='ocrx_word' id='word_1_115' title='bbox 1159 1616 1161 1650; x_wconf 68' lang='grc' dir='ltr'><em>ῑ</em></span> 
     </span>
     <span class='ocr_line' id='line_1_18' title="bbox 138 1686 1152 1747; baseline -0.003 -1"><span class='ocrx_word' id='word_1_116' title='bbox 138 1686 284 1746; x_wconf 84' lang='lat' dir='ltr'>certitudo</span> <span class='ocrx_word' id='word_1_117' title='bbox 312 1686 461 1746; x_wconf 91' lang='lat' dir='ltr'>obiectiva</span> <span class='ocrx_word' id='word_1_118' title='bbox 487 1689 535 1745; x_wconf 90' lang='lat' dir='ltr'>vel</span> <span class='ocrx_word' id='word_1_119' title='bbox 563 1686 711 1746; x_wconf 89' lang='lat' dir='ltr'>certitudo</span> <span class='ocrx_word' id='word_1_120' title='bbox 739 1687 770 1744; x_wconf 91' lang='lat' dir='ltr'>in</span> <span class='ocrx_word' id='word_1_121' title='bbox 798 1706 887 1747; x_wconf 90' lang='lat' dir='ltr'>sensu</span> <span class='ocrx_word' id='word_1_122' title='bbox 909 1687 1067 1746; x_wconf 91' lang='lat' dir='ltr'>obiectivo</span> <span class='ocrx_word' id='word_1_123' title='bbox 1089 1700 1152 1744; x_wconf 90' lang='lat' dir='ltr'>ac··</span> 
     </span>
     <span class='ocr_line' id='line_1_19' title="bbox 138 1775 1161 1859; baseline -0.004 -23"><span class='ocrx_word' id='word_1_124' title='bbox 138 1787 241 1853; x_wconf 89' lang='lat' dir='ltr'>cepta,</span> <span class='ocrx_word' id='word_1_125' title='bbox 271 1795 348 1853; x_wconf 86' lang='lat' dir='ltr'>quae</span> <span class='ocrx_word' id='word_1_126' title='bbox 376 1786 434 1834; x_wconf 91' lang='lat' dir='ltr'>est:</span> <span class='ocrx_word' id='word_1_127' title='bbox 463 1776 592 1853; x_wconf 83' lang='lat' dir='ltr'>aptitudo</span> <span class='ocrx_word' id='word_1_128' title='bbox 619 1777 738 1834; x_wconf 80' lang='lat' dir='ltr'>alicuius</span> <span class='ocrx_word' id='word_1_129' title='bbox 765 1779 895 1836; x_wconf 62' lang='lat' dir='ltr'>veritato</span> <span class='ocrx_word' id='word_1_130' title='bbox 921 1777 1078 1836; x_wconf 67' lang='lat' dir='ltr'>obiectione</span> <span class='ocrx_word' id='word_1_131' title='bbox 1099 1775 1138 1832; x_wconf 82' lang='lat' dir='ltr'>od</span> <span class='ocrx_word' id='word_1_132' title='bbox 1150 1797 1161 1859; x_wconf 38' lang='lat'>,3</span> 
     </span>
     <span class='ocr_line' id='line_1_20' title="bbox 138 1866 1155 1943; baseline 0.001 -19"><span class='ocrx_word' id='word_1_133' title='bbox 138 1868 306 1943; x_wconf 66' lang='lat' dir='ltr'>rapiendum</span> <span class='ocrx_word' id='word_1_134' title='bbox 326 1884 469 1924; x_wconf 83' lang='lat' dir='ltr'>assensum</span> <span class='ocrx_word' id='word_1_135' title='bbox 490 1868 590 1924; x_wconf 84' lang='lat' dir='ltr'>mentis</span> <span class='ocrx_word' id='word_1_136' title='bbox 609 1869 670 1923; x_wconf 81' lang='lat' dir='ltr'>sz&#39;ne</span> <span class='ocrx_word' id='word_1_137' title='bbox 690 1868 811 1925; x_wconf 81' lang='lat' dir='ltr'>errandi</span> <span class='ocrx_word' id='word_1_138' title='bbox 823 1867 993 1942; x_wconf 77' lang='lat' dir='ltr'>formidine.</span> <span class='ocrx_word' id='word_1_139' title='bbox 1149 1866 1155 1938; x_wconf 67' lang='grc' dir='ltr'>ἱ</span> 
     </span>
    </p>

    <p class='ocr_par' dir='ltr' id='par_1_8' title="bbox 139 1946 1161 2282">
     <span class='ocr_line' id='line_1_21' title="bbox 199 1946 1161 2030; baseline -0.005 -17"><span class='ocrx_word' id='word_1_140' title='bbox 199 1957 330 2029; x_wconf 87' lang='lat' dir='ltr'>Quando</span> <span class='ocrx_word' id='word_1_141' title='bbox 345 1955 413 2013; x_wconf 93' lang='lat' dir='ltr'>dico</span> <span class='ocrx_word' id='word_1_142' title='bbox 429 1974 454 2014; x_wconf 91' lang='lat' dir='ltr'>e.</span> <span class='ocrx_word' id='word_1_143' title='bbox 470 1970 516 2030; x_wconf 90' lang='lat' dir='ltr'>g.:</span> <span class='ocrx_word' id='word_1_144' title='bbox 535 1954 771 2014; x_wconf 82' lang='lat' dir='ltr'>‹Certitudinem</span> <span class='ocrx_word' id='word_1_145' title='bbox 790 1958 890 2015; x_wconf 88' lang='lat' dir='ltr'>habeo</span> <span class='ocrx_word' id='word_1_146' title='bbox 904 1957 944 2015; x_wconf 90' lang='lat' dir='ltr'>de</span> <span class='ocrx_word' id='word_1_147' title='bbox 959 1954 1132 2016; x_wconf 84' lang='lat' dir='ltr'>exsistentia</span> <span class='ocrx_word' id='word_1_148' title='bbox 1150 1946 1161 2016; x_wconf 72' lang='lat' dir='ltr'>i</span> 
     </span>
     <span class='ocr_line' id='line_1_22' title="bbox 139 2044 1131 2123; baseline 0 -20"><span class='ocrx_word' id='word_1_149' title='bbox 139 2045 227 2116; x_wconf 83' lang='lat' dir='ltr'>Dei»,</span> <span class='ocrx_word' id='word_1_150' title='bbox 248 2064 307 2103; x_wconf 87' lang='lat' dir='ltr'>vox</span> <span class='ocrx_word' id='word_1_151' title='bbox 322 2044 506 2104; x_wconf 87' lang='lat' dir='ltr'>certitudinis</span> <span class='ocrx_word' id='word_1_152' title='bbox 527 2046 650 2103; x_wconf 90' lang='lat' dir='ltr'>sumitur</span> <span class='ocrx_word' id='word_1_153' title='bbox 663 2044 695 2101; x_wconf 93' lang='lat' dir='ltr'>in</span> <span class='ocrx_word' id='word_1_154' title='bbox 710 2063 798 2104; x_wconf 87' lang='lat' dir='ltr'>sensu</span> <span class='ocrx_word' id='word_1_155' title='bbox 813 2045 997 2120; x_wconf 77' lang='lat' dir='ltr'>subiectivo3</span> <span class='ocrx_word' id='word_1_156' title='bbox 1020 2046 1056 2104; x_wconf 93' lang='lat' dir='ltr'>in</span> <span class='ocrx_word' id='word_1_157' title='bbox 1070 2063 1131 2123; x_wconf 88' lang='lat' dir='ltr'>pro</span> 
     </span>
     <span class='ocr_line' id='line_1_23' title="bbox 139 2132 1161 2210; baseline -0.001 -19"><span class='ocrx_word' id='word_1_158' title='bbox 139 2134 287 2209; x_wconf 89' lang='lat' dir='ltr'>positione</span> <span class='ocrx_word' id='word_1_159' title='bbox 308 2143 422 2192; x_wconf 88' lang='lat' dir='ltr'>autem:</span> <span class='ocrx_word' id='word_1_160' title='bbox 458 2133 653 2192; x_wconf 83' lang='lat' dir='ltr'>«Exsistentia</span> <span class='ocrx_word' id='word_1_161' title='bbox 673 2134 733 2193; x_wconf 91' lang='lat' dir='ltr'>Dei</span> <span class='ocrx_word' id='word_1_162' title='bbox 761 2144 844 2193; x_wconf 87' lang='lat' dir='ltr'>certa</span> <span class='ocrx_word' id='word_1_163' title='bbox 865 2145 944 2207; x_wconf 73' lang='lat' dir='ltr'>est»,</span> <span class='ocrx_word' id='word_1_164' title='bbox 974 2134 1076 2210; x_wconf 86' lang='lat' dir='ltr'>agitur</span> <span class='ocrx_word' id='word_1_165' title='bbox 1095 2135 1129 2193; x_wconf 92' lang='lat' dir='ltr'>de</span> <span class='ocrx_word' id='word_1_166' title='bbox 1150 2132 1161 2190; x_wconf 68' lang='lat'>‘1</span> 
     </span>
     <span class='ocr_line' id='line_1_24' title="bbox 139 2222 1161 2282; baseline -0.003 0"><span class='ocrx_word' id='word_1_167' title='bbox 139 2223 316 2282; x_wconf 87' lang='lat' dir='ltr'>certitudine</span> <span class='ocrx_word' id='word_1_168' title='bbox 339 2222 496 2282; x_wconf 89' lang='lat' dir='ltr'>obiectiva.</span> <span class='ocrx_word' id='word_1_169' title='bbox 1160 2248 1161 2251; x_wconf 39' lang='lat'>¹</span> 
     </span>
    </p>
   </div>
   <div class='ocr_carea' id='block_1_3' title="bbox 238 2389 1030 2457">
    <p class='ocr_par' dir='ltr' id='par_1_9' title="bbox 238 2389 1030 2457">
     <span class='ocr_line' id='line_1_25' title="bbox 238 2389 1030 2457; baseline 0.005 -18"><span class='ocrx_word' id='word_1_170' title='bbox 238 2389 255 2457; x_wconf 59' lang='grc' dir='ltr'><strong><em>ᾖ</em></strong></span> <span class='ocrx_word' id='word_1_171' title='bbox 275 2405 298 2441; x_wconf 86' lang='lat'>2.</span> <span class='ocrx_word' id='word_1_172' title='bbox 331 2394 374 2441; x_wconf 89' lang='lat' dir='ltr'>De</span> <span class='ocrx_word' id='word_1_173' title='bbox 393 2393 530 2455; x_wconf 88' lang='lat' dir='ltr'>principio</span> <span class='ocrx_word' id='word_1_174' title='bbox 550 2393 723 2443; x_wconf 81' lang='lat' dir='ltr'>certitudinis</span> <span class='ocrx_word' id='word_1_175' title='bbox 742 2394 804 2442; x_wconf 80' lang='lat' dir='ltr'>sive</span> <span class='ocrx_word' id='word_1_176' title='bbox 824 2394 859 2442; x_wconf 86' lang='lat' dir='ltr'>de</span> <span class='ocrx_word' id='word_1_177' title='bbox 878 2394 1030 2443; x_wconf 83' lang='lat' dir='ltr'>evidentia.</span> 
     </span>
    </p>
   </div>
   <div class='ocr_carea' id='block_1_4' title="bbox 140 2516 1161 2859">
    <p class='ocr_par' dir='ltr' id='par_1_10' title="bbox 140 2516 1161 2771">
     <span class='ocr_line' id='line_1_26' title="bbox 200 2516 1161 2592; baseline 0 -19"><span class='ocrx_word' id='word_1_178' title='bbox 200 2517 376 2591; x_wconf 83' lang='lat' dir='ltr'>Principium</span> <span class='ocrx_word' id='word_1_179' title='bbox 395 2516 427 2573; x_wconf 92' lang='lat' dir='ltr'>in</span> <span class='ocrx_word' id='word_1_180' title='bbox 448 2534 559 2591; x_wconf 88' lang='lat' dir='ltr'>genere</span> <span class='ocrx_word' id='word_1_181' title='bbox 578 2526 623 2574; x_wconf 92' lang='lat' dir='ltr'>est</span> <span class='ocrx_word' id='word_1_182' title='bbox 636 2516 675 2585; x_wconf 86' lang='lat' dir='ltr'>id,</span> <span class='ocrx_word' id='word_1_183' title='bbox 697 2535 717 2573; x_wconf 88' lang='lat' dir='ltr'>o</span> <span class='ocrx_word' id='word_1_184' title='bbox 729 2535 784 2590; x_wconf 82' lang='lat' dir='ltr'>quo</span> <span class='ocrx_word' id='word_1_185' title='bbox 802 2517 916 2591; x_wconf 81' lang='lat' dir='ltr'>aliquid</span> <span class='ocrx_word' id='word_1_186' title='bbox 926 2517 1128 2592; x_wconf 77' lang='lat' dir='ltr'>proceditque</span> <span class='ocrx_word' id='word_1_187' title='bbox 1160 2524 1161 2547; x_wconf 83' lang='lat'>³</span> 
     </span>
     <span class='ocr_line' id='line_1_27' title="bbox 140 2604 1161 2681; baseline -0.001 -18"><span class='ocrx_word' id='word_1_188' title='bbox 140 2624 253 2681; x_wconf 66' lang='lat' dir='ltr'>comae</span> <span class='ocrx_word' id='word_1_189' title='bbox 279 2605 366 2662; x_wconf 87' lang='lat' dir='ltr'>modo.</span> <span class='ocrx_word' id='word_1_190' title='bbox 409 2604 592 2679; x_wconf 89' lang='lat' dir='ltr'>Principium</span> <span class='ocrx_word' id='word_1_191' title='bbox 614 2604 798 2663; x_wconf 88' lang='lat' dir='ltr'>certitudinis</span> <span class='ocrx_word' id='word_1_192' title='bbox 819 2605 949 2679; x_wconf 90' lang='lat' dir='ltr'>proinde</span> <span class='ocrx_word' id='word_1_193' title='bbox 971 2616 1016 2664; x_wconf 90' lang='lat' dir='ltr'>est</span> <span class='ocrx_word' id='word_1_194' title='bbox 1039 2606 1084 2677; x_wconf 86' lang='lat' dir='ltr'>id,</span> <span class='ocrx_word' id='word_1_195' title='bbox 1114 2626 1127 2662; x_wconf 88' lang='lat' dir='ltr'>a</span> <span class='ocrx_word' id='word_1_196' title='bbox 1160 2613 1161 2634; x_wconf 74' lang='lat'>³</span> 
     </span>
     <span class='ocr_line' id='line_1_28' title="bbox 141 2693 1161 2771; baseline -0.005 -17"><span class='ocrx_word' id='word_1_197' title='bbox 141 2714 201 2771; x_wconf 91' lang='lat' dir='ltr'>quo</span> <span class='ocrx_word' id='word_1_198' title='bbox 223 2693 368 2753; x_wconf 91' lang='lat' dir='ltr'>certitudo</span> <span class='ocrx_word' id='word_1_199' title='bbox 388 2693 533 2769; x_wconf 90' lang='lat' dir='ltr'>procedit.</span> <span class='ocrx_word' id='word_1_200' title='bbox 890 2697 892 2706; x_wconf 57' lang='lat'><em>¹</em></span> <span class='ocrx_word' id='word_1_201' title='bbox 1160 2694 1161 2725; x_wconf 80' lang='lat'>³</span> 
     </span>
    </p>

    <p class='ocr_par' dir='ltr' id='par_1_11' title="bbox 201 2782 1125 2859">
     <span class='ocr_line' id='line_1_29' title="bbox 201 2782 1125 2859; baseline -0.003 -16"><span class='ocrx_word' id='word_1_202' title='bbox 201 2788 265 2843; x_wconf 90' lang='lat' dir='ltr'>Iam</span> <span class='ocrx_word' id='word_1_203' title='bbox 296 2801 366 2842; x_wconf 92' lang='lat' dir='ltr'>vero</span> <span class='ocrx_word' id='word_1_204' title='bbox 394 2782 496 2841; x_wconf 91' lang='lat' dir='ltr'>omnia</span> <span class='ocrx_word' id='word_1_205' title='bbox 526 2782 645 2841; x_wconf 91' lang='lat' dir='ltr'>criteria</span> <span class='ocrx_word' id='word_1_206' title='bbox 675 2782 824 2859; x_wconf 88' lang='lat' dir='ltr'>principia</span> <span class='ocrx_word' id='word_1_207' title='bbox 856 2783 1044 2843; x_wconf 89' lang='lat' dir='ltr'>certitudinis</span> <span class='ocrx_word' id='word_1_208' title='bbox 1073 2783 1125 2842; x_wconf 90' lang='lat' dir='ltr'>dici</span> 
     </span>
    </p>
   </div>
   <div class='ocr_carea' id='block_1_5' title="bbox 136 2845 1161 3369">
    <p class='ocr_par' dir='ltr' id='par_1_12' title="bbox 140 2845 1161 3211">
     <span class='ocr_line' id='line_1_30' title="bbox 140 2845 1156 2951; baseline -0.002 -18"><span class='ocrx_word' id='word_1_209' title='bbox 140 2882 278 2951; x_wconf 86' lang='lat' dir='ltr'>possunt:</span> <span class='ocrx_word' id='word_1_210' title='bbox 301 2872 340 2931; x_wconf 89' lang='lat' dir='ltr'>ab</span> <span class='ocrx_word' id='word_1_211' title='bbox 361 2870 432 2947; x_wconf 93' lang='lat' dir='ltr'>ipsis</span> <span class='ocrx_word' id='word_1_212' title='bbox 453 2870 534 2930; x_wconf 92' lang='lat' dir='ltr'>enim</span> <span class='ocrx_word' id='word_1_213' title='bbox 556 2870 703 2930; x_wconf 89' lang='lat' dir='ltr'>certitudo</span> <span class='ocrx_word' id='word_1_214' title='bbox 724 2883 827 2930; x_wconf 90' lang='lat' dir='ltr'>nostra</span> <span class='ocrx_word' id='word_1_215' title='bbox 848 2872 1033 2947; x_wconf 91' lang='lat' dir='ltr'>producitur.</span> <span class='ocrx_word' id='word_1_216' title='bbox 1073 2873 1124 2931; x_wconf 91' lang='lat' dir='ltr'>Sed</span> <span class='ocrx_word' id='word_1_217' title='bbox 1151 2845 1156 2941; x_wconf 67' lang='grc' dir='ltr'>Ῐ</span> 
     </span>
     <span class='ocr_line' id='line_1_31' title="bbox 141 2989 1157 3131; baseline -0.004 -16"><span class='ocrx_word' id='word_1_218' title='bbox 141 3065 221 3115; x_wconf 73' lang='lat' dir='ltr'>ison</span> <span class='ocrx_word' id='word_1_219' title='bbox 240 3065 329 3131; x_wconf 89' lang='lat' dir='ltr'>profit;</span> <span class='ocrx_word' id='word_1_220' title='bbox 356 3066 374 3113; x_wconf 92' lang='lat' dir='ltr'>il</span> <span class='ocrx_word' id='word_1_221' title='bbox 399 3081 427 3113; x_wconf 89' lang='lat' dir='ltr'>se</span> <span class='ocrx_word' id='word_1_222' title='bbox 452 3066 549 3114; x_wconf 90' lang='lat' dir='ltr'>nourrit</span> <span class='ocrx_word' id='word_1_223' title='bbox 574 3066 619 3114; x_wconf 87' lang='lat' dir='ltr'>des</span> <span class='ocrx_word' id='word_1_224' title='bbox 645 3066 761 3115; x_wconf 89' lang='lat' dir='ltr'>illusions</span> <span class='ocrx_word' id='word_1_225' title='bbox 780 3082 829 3130; x_wconf 92' lang='lat' dir='ltr'>que</span> <span class='ocrx_word' id='word_1_226' title='bbox 855 3065 981 3115; x_wconf 69' lang='lat' dir='ltr'>lui-meme</span> <span class='ocrx_word' id='word_1_227' title='bbox 1009 3084 1072 3117; x_wconf 90' lang='lat' dir='ltr'>nous</span> <span class='ocrx_word' id='word_1_228' title='bbox 1095 3070 1123 3116; x_wconf 88' lang='lat' dir='ltr'>in·</span> <span class='ocrx_word' id='word_1_229' title='bbox 1152 2989 1157 3079; x_wconf 43' lang='grc' dir='ltr'><strong>ι</strong></span> 
     </span>
     <span class='ocr_line' id='line_1_32' title="bbox 141 3142 1161 3211; baseline -0.003 -16"><span class='ocrx_word' id='word_1_230' title='bbox 141 3148 225 3211; x_wconf 80' lang='lat' dir='ltr'>spire»</span> <span class='ocrx_word' id='word_1_231' title='bbox 248 3142 376 3208; x_wconf 64' lang='lat' dir='ltr'>(Mereor,</span> <span class='ocrx_word' id='word_1_232' title='bbox 395 3145 512 3209; x_wconf 89' lang='lat' dir='ltr'>Logique</span> <span class='ocrx_word' id='word_1_233' title='bbox 530 3162 556 3209; x_wconf 90' lang='lat' dir='ltr'>p.</span> <span class='ocrx_word' id='word_1_234' title='bbox 578 3142 651 3209; x_wconf 85' lang='lat'>277).</span> <span class='ocrx_word' id='word_1_235' title='bbox 1160 3142 1161 3147; x_wconf 70' lang='grc'>’</span> 
     </span>
    </p>

    <p class='ocr_par' dir='ltr' id='par_1_13' title="bbox 136 3223 1122 3369">
     <span class='ocr_line' id='line_1_33' title="bbox 204 3223 1122 3278; baseline 0.002 -5"><span class='ocrx_word' id='word_1_236' title='bbox 204 3224 390 3274; x_wconf 90' lang='lat' dir='ltr'>¹Elementum</span> <span class='ocrx_word' id='word_1_237' title='bbox 415 3223 479 3272; x_wconf 89' lang='lat' dir='ltr'>illud</span> <span class='ocrx_word' id='word_1_238' title='bbox 505 3225 673 3273; x_wconf 90' lang='lat' dir='ltr'>subiectivum</span> <span class='ocrx_word' id='word_1_239' title='bbox 700 3242 715 3273; x_wconf 89' lang='lat' dir='ltr'>a</span> <span class='ocrx_word' id='word_1_240' title='bbox 741 3226 869 3274; x_wconf 87' lang='lat' dir='ltr'>nonnullis</span> <span class='ocrx_word' id='word_1_241' title='bbox 895 3226 989 3275; x_wconf 89' lang='lat' dir='ltr'>dicitur</span> <span class='ocrx_word' id='word_1_242' title='bbox 1018 3230 1122 3278; x_wconf 69' lang='lat' dir='ltr'>comiado</span> 
     </span>
     <span class='ocr_line' id='line_1_34' title="bbox 136 3304 359 3369; baseline -0.018 -16"><span class='ocrx_word' id='word_1_243' title='bbox 136 3315 203 3369; x_wconf 79' lang='lat' dir='ltr'>pure</span> <span class='ocrx_word' id='word_1_244' title='bbox 220 3304 359 3351; x_wconf 74' lang='lat' dir='ltr'>subiectsoa.</span> 
     </span>
    </p>
   </div>
   <div class='ocr_carea' id='block_1_6' title="bbox 16 3393 36 3433">
    <p class='ocr_par' dir='ltr' id='par_1_14' title="bbox 16 3393 36 3433">
     <span class='ocr_line' id='line_1_35' title="bbox 16 3393 36 3433; baseline 0 0"><span class='ocrx_word' id='word_1_245' title='bbox 16 3393 36 3433; x_wconf 73' lang='grc' dir='ltr'>Ι</span> 
     </span>
    </p>
   </div>
   <div class='ocr_carea' id='block_1_7' title="bbox 0 0 1186 3700">
    <p class='ocr_par' dir='ltr' id='par_1_15' title="bbox 0 0 1186 3700">
     <span class='ocr_line' id='line_1_36' title="bbox 0 0 1186 3700; baseline 0 0"><span class='ocrx_word' id='word_1_246' title='bbox 0 0 1186 3700; x_wconf 95' lang='lat' dir='ltr'> </span> 
     </span>
    </p>
   </div>
  </div>
 </body>
</html>
