2350 3700
113 94 167 142 410
307 95 345 132 DE
364 93 462 133 CAUSIS
483 94 625 132 sunnunls
646 94 744 131 nuum
764 94 913 133 conpotem.

173 251 339 316 Responsio
357 252 393 301 nd
412 251 505 301 dubia„
552 242 603 301 Ad
634 263 645 299 1
677 242 840 302 dicendum
871 242 1102 319 productionem

112 350 148 389 cx
169 332 258 390 m'lrilo
276 333 324 389 sui
342 338 371 389 et
387 350 488 390 causas
506 333 699 407 cretosumque
719 349 887 408 repugnare
909 332 1038 408 quidem
1065 351 1104 391 ra·

112 420 201 491 tioui,
232 440 295 480 non
316 432 415 480 autem
436 420 667 497 productionem
689 440 726 480 ex
747 420 839 479 nihilo
861 422 905 481 sui
929 432 960 481 et
982 422 1105 481 subiecti

111 512 159 569 vel
180 528 286 570 causae
307 509 466 569 materialis
486 518 610 582 tantum,
631 511 682 568 sub
699 510 813 586 instant
826 518 922 569 tamen
936 530 1042 569 causac
1055 512 1106 587 effi·

111 600 214 658 cientis.
256 599 377 659 Creatio
403 610 502 658 autem
529 617 593 658 non
621 609 665 657 est
693 599 851 675 productio
878 599 924 659 rei
952 618 991 658 ex
1012 599 1105 658 nihilo

112 706 220 749 causae
242 687 408 749 efficientis.

172 778 222 837 Ad
245 799 260 837 2
283 776 445 837 dicendum
466 778 575 852 «quod,
598 777 667 837 licet
687 776 830 837 habitudo
850 778 890 837 ad
904 797 1028 837 causam
1042 797 1103 837 non

111 873 202 929 intret
221 867 428 927 definitionem
448 866 534 937 entis,
556 866 640 941 quod
660 878 704 925 est
725 877 885 939 causatum,
909 879 1014 927 tamen
1036 886 1104 926 con-

111 956 243 1033 sequitur
264 957 303 1015 ad
324 974 376 1027 ea,¹
391 973 469 1031 quae
490 967 558 1014 sunt
578 956 617 1016 de
639 956 702 1015 eius
723 956 854 1028 ratione,
884 956 955 1032 quia
974 975 1014 1016 ex
1035 956 1101 1023 hoc,

111 1046 195 1122 quod
215 1045 329 1121 aliquid
348 1055 394 1105 est
414 1063 468 1105 ens
489 1063 544 1121 per
561 1044 832 1121 participationem,
853 1046 996 1121 sequitur,
1019 1046 1102 1121 quod

111 1135 148 1194 sit
168 1146 320 1194 causatum
340 1135 379 1192 ab
407 1134 476 1193 alio.
519 1134 611 1193 Unde
638 1133 807 1193 huiusmodi
832 1152 886 1194 ens
913 1152 976 1193 non
1004 1145 1102 1210 potest

111 1243 185 1297 esse,
208 1225 280 1300 quin
301 1224 338 1283 sit
358 1234 528 1297 causatum
548 1224 624 1283 sicut
643 1241 744 1299 neque
765 1224 866 1296 home,
889 1224 962 1299 quin
982 1224 1020 1283 sit
1040 1224 1102 1282 risi-

111 1314 187 1373 bilis.
229 1313 289 1373 Sed
311 1312 381 1388 quia
401 1331 465 1373 esse
487 1323 639 1372 causamm
660 1330 722 1370 non
744 1324 789 1372 est
813 1313 852 1372 de
879 1312 996 1372 ratione
1024 1313 1102 1372 entis

112 1402 299 1479 simpliciter,
328 1412 450 1478 propter
470 1402 529 1461 hoc
549 1402 699 1461 invenitur
719 1402 841 1477 aliquod
862 1421 916 1462 ens
943 1421 1007 1462 non
1035 1421 1102 1460 cau·

112 1494 261 1552 satum.»¹

172 1581 222 1640 Ad
236 1602 254 1655 3
271 1582 442 1652 dicendum,
468 1582 569 1657 «quod
583 1580 666 1641 Deus
681 1592 710 1640 et
723 1592 830 1640 natura
844 1592 873 1640 et
887 1582 1104 1657 quodcumque

112 1690 204 1747 agens
226 1671 296 1731 facit
317 1670 400 1747 quod
420 1671 526 1730 melius
546 1680 591 1729 est
611 1671 642 1728 in
659 1680 731 1742 toto,
753 1670 807 1729 sed
821 1690 883 1731 non
899 1672 982 1745 quod
995 1671 1105 1730 melius

112 1771 157 1820 est
177 1762 208 1819 in
228 1778 409 1836 unaquaque
430 1769 530 1835 parte,
550 1759 609 1818 nisi
630 1778 685 1835 per
706 1758 843 1818 ordinem
864 1760 904 1818 ad
924 1770 1029 1819 toturn.
1047 1806 1053 1819 .
1072 1806 1103 1819 ..

111 1853 213 1928 Ipsum
227 1860 326 1910 autem
339 1860 442 1921 totum,
464 1848 547 1925 quod
561 1860 607 1908 est
620 1848 794 1908 universitas
808 1860 1020 1922 creaturarum,
1042 1869 1105 1909 me

111 1941 166 1998 lius
187 1952 217 2000 et
237 1940 398 2016 perfectius
419 1950 472 2011 est,
494 1940 518 1998 si
538 1938 571 1996 in
589 1956 627 1997 eo
642 1939 699 1998 sint
713 1939 870 2014 quaedam,
893 1958 972 2015 quae
986 1959 1005 1997 a
1019 1941 1105 1998 bono
1157 1937 1158 1950 ¹

112 2029 241 2090 deficere
262 2040 400 2106 possunt,
424 2047 502 2104 quae
524 2028 674 2088 interdurn
695 2027 846 2100 deficiunt,
868 2030 936 2087 Deo
957 2030 1018 2088 hoc
1039 2048 1104 2087 non

112 2119 365 2194 impediente...
387 2118 466 2194 quia,
488 2128 520 2176 ut
541 2117 614 2176 dicit
636 2118 825 2193 Augustinus,
849 2119 942 2188 ,Deus
963 2129 1010 2176 est
1023 2117 1103 2177 adeo

112 2218 234 2284 potens,
258 2209 341 2283 quod
362 2207 451 2267 etiam
471 2207 553 2265 bona
574 2207 674 2265 facere
694 2217 793 2281 potest
813 2207 851 2266 de
873 2205 977 2266 malis‘.
1010 2208 1104 2266 Unde

112 2299 204 2356 multa
228 2298 310 2356 bona
337 2298 525 2368 tollerentur,
554 2296 578 2354 si
600 2297 682 2354 Deus
703 2297 816 2354 nullum
843 2297 955 2354 malum
984 2296 1105 2372 permit-

112 2396 187 2445 teret
215 2404 288 2445 esse.
330 2385 401 2444 Non
429 2385 508 2444 enirn
539 2394 732 2460 generaretur
762 2383 854 2460 ignis,
885 2385 942 2443 nisi
973 2403 1105 2444 corrum-

112 2486 231 2552 peretur
256 2483 323 2547 aer3
350 2492 449 2550 neque
477 2483 704 2534 conservaretur
730 2473 790 2532 vita
817 2474 913 2533 leonis
940 2473 997 2533 nisi
1025 2475 1106 2535 occi-

112 2565 232 2625 deretur
252 2565 368 2639 asinus3
391 2582 491 2639 neque
510 2562 600 2622 etiam
620 2562 789 2622 laudaretur
802 2562 910 2622 iustitia
923 2563 1106 2622 vindicantis

113 2665 143 2713 et
156 2654 299 2730 patientia
309 2654 484 2725 sufferentis,
499 2653 524 2711 si
533 2670 595 2710 non
606 2662 684 2711 esset
694 2650 834 2727 iniquitas
843 2653 1070 2728 persequentis»
1084 2655 1104 2711 ¹.

375 2814 434 2880 §a
466 2819 510 2866 De
529 2825 654 2880 tempore
675 2817 834 2866 creationis·

173 2942 335 3004 Quaeritur:
359 2932 463 2990 Utrum
484 2933 605 2989 mundus
625 2938 735 2990 creatus
754 2933 793 2989 sit
811 2932 842 2988 in
863 2937 1047 3008 temporran
1068 2933 1105 2988 ab

113 3026 234 3074 aeterno.

174 3184 181 3212 ¹
200 3187 226 3232 S.
250 3188 344 3246 Thone,
365 3189 389 3236 S.
410 3191 487 3238 theol.
508 3194 527 3248 I,
548 3210 572 3256 q.
593 3207 635 3254 44,
656 3211 678 3244 a.
702 3209 712 3242 1
734 3195 767 3243 ad
789 3209 811 3245 1.

174 3256 185 3284 ⁹
203 3261 268 3309 Ibid,
288 3280 312 3324 q.
332 3267 374 3323 48,
394 3283 417 3314 a.
438 3280 452 3314 2
472 3270 505 3314 ad
524 3281 548 3330 3.
