2350 3700
286 134 324 169 DE
345 134 543 171 CONVERSIONE
564 135 801 172 PROPOSITIONUM.
1007 134 1040 187 59
1104 101 1109 115 ⁹

32 280 132 338 Idem
148 281 314 339 dicendum
328 291 373 341 est
387 282 426 341 de
441 282 591 341 adverbiis
605 284 664 341 loci
678 286 725 341 vel
746 283 901 359 temporis:
924 293 1040 360 semper,

33 389 212 445 numquam,
235 373 398 447 aliquande,
420 373 528 447 ubz'que,
550 373 659 441 nullibi,
681 374 790 430 alicubi.

105 468 199 540 Quae
221 470 336 541 omnia,
366 470 528 529 reflexione
556 469 637 529 cirea
662 489 781 529 sensum
802 471 1041 548 propositionum

35 556 146 615 taliter
176 559 350 617 effectarum
370 558 516 629 instituta,
546 561 626 618 clare
655 568 810 636 apparent.
855 562 975 621 «Petrus
997 572 1041 620 est

36 645 179 721 ubique»
210 648 292 707 idem
319 648 400 706 enim
428 647 574 723 significat
601 667 637 707 ac
675 651 793 708 «omnia
826 651 894 709 loca
921 651 1040 709 Petrum

38 735 164 793 habent
191 748 408 812 praesentem».
454 740 573 797 «Petrus
602 748 646 797 est
672 739 794 797 nullibi»
827 739 908 798 idem
935 750 980 798 est
1005 758 1040 798 ac

43 825 167 883 «nullus
188 826 271 885 locus
292 828 411 885 Petrum
431 828 523 886 habet
542 838 749 903 praesentem»
773 839 829 887 etc,
870 829 957 903 Quae
979 829 1040 904 qui·

40 913 116 971 dem
149 916 252 973 variae
282 916 486 992 oppositiones
518 934 623 975 omues
653 919 711 976 hoc
741 918 893 976 schemate
924 936 1039 993 reprae

42 1003 160 1061 sentari
181 1017 322 1079 possunt:

142 1167 164 1203 1.
185 1170 291 1204 necesse
447 1191 573 1241 contraria
673 1132 720 1287 ¹1.
740 1156 898 1221 impossibile

139 1278 164 1313 2.
185 1280 285 1329 semper
349 1277 671 1291 --···-···
697 1276 720 1313 2.
740 1280 874 1329 numquam

80 1361 96 1419 ἒ
518 1358 521 1363 .

80 1425 96 1481 Ε

140 1384 165 1434 3.
185 1372 280 1437 ubique

141 1734 164 1769 2.
185 1720 321 1785 aliquando
694 1732 718 1769 2.
738 1720 874 1785 aliquando
894 1736 945 1769 non

419 1789 593 1839 subcontrariae
695 1840 718 1892 ³.
739 1828 830 1878 alicubi
849 1844 901 1877 non
955 1755 971 1912 Ι

329 1599 345 1912 }
547 1589 596 1701 ⁸004
697 1626 718 1662 1,
738 1612 859 1677 possibile
878 1628 930 1661 non
957 1603 969 1754 Ι

141 1840 165 1890 3.
182 1827 279 1892 'alicubi

110 1980 285 2039 Notandum
311 1996 430 2054 quoque
459 1987 503 2038 est
530 1997 773 2055 unamquamque
801 1980 1035 2056 propositionem

47 2071 202 2129 modalem
222 2068 286 2127 fieri
307 2067 363 2126 sibi
384 2067 439 2144 ipsi
460 2069 707 2144 aequivalentem,
730 2070 754 2128 si
775 2070 881 2129 modus
908 2081 1038 2129 sumatur

48 2159 215 2217 contrarius
244 2154 303 2232 (vel
330 2157 565 2229 subcontrariuS,
595 2159 619 2216 si
647 2158 743 2234 agitur
765 2159 804 2218 de
832 2159 1037 2235 propositione

48 2241 240 2324 particulari),
257 2257 287 2305 et
300 2246 421 2318 dictum,
438 2247 711 2306 contradictorium.
734 2248 768 2306 Ε.
784 2263 829 2323 g.:
846 2248 976 2308 Necesse
993 2258 1037 2308 est

50 2356 171 2396 omnem
193 2335 346 2395 hominem
367 2337 479 2395 salvum
501 2336 565 2395 fieri
589 2359 622 2384 =
639 2337 822 2412 impossibile
843 2347 888 2396 est
908 2338 1037 2413 aliquem

50 2426 202 2486 hominem
223 2445 286 2484 non
306 2426 418 2484 salvum
439 2425 510 2484 fieri.
540 2457 579 2466 -
608 2426 750 2485 Possibile
772 2438 817 2485 est
836 2427 965 2502 aliquem
986 2429 1038 2486 ho·

50 2515 162 2582 minem
184 2516 297 2574 salvum
317 2513 382 2573 fieri
398 2537 431 2562 =
449 2514 590 2590 possibile
612 2525 656 2574 est
676 2533 738 2574 non
759 2516 871 2575 nullum
885 2515 1037 2574 hominem

53 2601 222 2680 (nonnullos
243 2597 391 2677 homines)
414 2605 527 2662 salvum
547 2604 619 2663 fieri.

431 2817 597 2865 Anrrcutus
618 2829 659 2865 111.

228 2939 276 2988 DE
296 2939 547 2990 CONVERSIONE
567 2939 864 2990 PROPOSITiONUM.

450 3102 467 3170 ξ
491 3118 511 3153 1.
543 3105 636 3154 Notio.

111 3236 176 3291 Vox
198 3230 404 3289 conversionis
425 3229 456 3286 in
478 3227 591 3304 duplici
611 3245 699 3286 sensu
720 3227 816 3300 accipi
836 3236 949 3301 potest:

115 3343 137 3380 1.
165 3324 202 3379 In
224 3338 312 3379 sensu
333 3319 424 3396 ipsius
445 3319 562 3375 actionis
590 3313 798 3384 convertendi,
821 3324 852 3371 et
870 3323 941 3371 tunc
969 3329 1038 3368 con-
