2350 3700
112 137 163 201 338
392 150 431 185 na
449 148 637 193 quxrrrxra
656 149 814 186 coxroxnx.

171 296 232 356 Sed
260 297 411 373 quaeritur
437 297 476 355 de
504 298 783 373 compenetratione
812 296 916 354 stricto
943 314 1036 355 sensu
1059 314 1105 353 ac·

111 397 208 463 cepta,
230 404 308 461 quae
328 387 369 458 fit,
391 404 459 443 cum
479 404 572 444 unum
593 404 701 461 corpus
715 386 847 444 eundem
862 386 990 442 omnino
1004 386 1105 443 locum

111 485 242 551 occupat
262 494 298 534 ac
319 474 407 533 aliud.

172 566 263 622 Hanc
272 563 580 639 compenetrationem
584 564 698 639 physice
707 564 901 639 impossibilem
911 580 987 634 esse,
1000 580 1108 620 omnes

112 653 286 724 admittunt,
308 652 403 728 ipsam
424 670 497 711 vero
518 652 662 710 miraculo
683 670 911 727 nonnumquam
933 650 1108 727 contigisse,

113 741 245 817 theologi
259 740 399 800 catholici
413 741 534 813 docent,
555 752 587 799 ut
600 741 723 817 quando
738 742 872 800 Christus
886 740 984 799 ianuis
1000 740 1110 799 clausis

113 831 152 889 ad
180 831 332 906 apostolos
360 830 549 901 subintravit,
579 832 627 889 vel
649 831 737 889 etiam
759 848 827 888 cum
848 848 958 905 corpus
980 828 1112 887 Domini
1164 844 1165 857 ¹

114 919 216 979 Nostri
237 919 417 995 resurgentis
438 937 455 978 e
476 920 614 996 sepulcro
635 920 755 995 prodiit.

173 1007 270 1068 Nobis
290 1008 419 1085 proinde
440 1008 625 1086 philosophis
646 1009 715 1067 satis
736 1009 807 1081 erit,
836 1008 860 1067 si
885 1008 1113 1068 ostenderimus

114 1099 194 1157 hanc
207 1098 416 1173 theologorum
430 1098 608 1157 sententiam
622 1099 781 1158 absurdam
796 1116 870 1171 esse,
889 1108 973 1156 certo
988 1097 1113 1155 ostendi

114 1206 177 1246 non
198 1205 294 1263 posse.

175 1320 279 1370 'rhesis
297 1321 431 1383 probatio.
474 1311 791 1387 Compenetrationem
812 1329 878 1370 esse
901 1311 1112 1387 metaphysice

115 1400 339 1476 impossibilem,
362 1410 432 1459 tunc
453 1402 549 1459 solum
570 1412 654 1459 certo
676 1401 794 1459 ostendi
814 1411 924 1477 posset,
946 1400 971 1459 si
988 1400 1113 1458 ostendi

116 1499 217 1565 posset
236 1489 517 1565 impenetrationem
536 1491 585 1548 vel
613 1491 763 1565 repulsum
793 1492 940 1548 actualem
972 1489 1113 1564 corporis
1167 1521 1168 1561 ᾖ

117 1578 236 1637 alterius
257 1596 322 1636 esse
343 1578 381 1637 de
402 1579 531 1637 essentia
551 1578 731 1653 quantitatis
775 1578 834 1637 Sed
862 1580 922 1637 hoc
950 1597 1020 1637 cum
1049 1596 1114 1636 cer·
1167 1578 1168 1595 l

116 1668 241 1726 titudine
263 1667 381 1725 ostendi
401 1685 463 1725 non
484 1678 589 1742 potest,
613 1686 681 1726 cum
703 1668 822 1727 aliunde
843 1667 903 1725 iam
919 1678 1039 1726 constet
1052 1668 1114 1725 hoc

117 1774 179 1814 non
200 1774 265 1815 esse
285 1756 342 1814 nisi
363 1757 503 1814 effectum
523 1756 734 1814 secundarium
755 1756 943 1832 quantitatis,
967 1758 1113 1815 effectum

117 1858 216 1905 autem
236 1844 409 1922 primarium
432 1844 602 1921 quantitatis
617 1846 682 1905 esse
697 1846 886 1905 solummodo
902 1846 1113 1906 extensionem

118 1936 265 1994 internam
287 1955 355 1994 cum
376 1935 628 2010 impenetratione
649 1935 845 2011 aptitudinali.

179 2025 256 2083 Cum
284 2035 382 2083 autem
410 2026 491 2082 Deus
520 2025 620 2083 facere
648 2024 742 2101 possit
769 2024 916 2100 quidquid
948 2024 1113 2084 intrinsece

119 2133 181 2173 non
203 2123 362 2189 repugnat,
384 2114 572 2172 manifestum
595 2131 716 2189 quoque
738 2124 784 2172 est
804 2125 886 2173 certo
908 2114 1029 2173 ostendi
1050 2133 1114 2172 non

119 2221 207 2280 posse
229 2221 266 2261 ex
286 2213 370 2278 parte
391 2201 569 2261 efficientiae
583 2203 703 2261 divinae
719 2203 1030 2278 compenetrationem
1047 2221 1112 2262 esse

121 2292 286 2352 extrinsece
308 2291 532 2366 impossibilem.

182 2442 373 2491 eoronarium.
405 2435 452 2491 Ex
472 2432 517 2491 his
538 2433 629 2491 etiam
650 2432 805 2509 intelleges
826 2433 961 2493 absolute
982 2451 1045 2492 non
1069 2451 1113 2492 re·

121 2541 254 2598 pugnare
275 2541 339 2581 rem
361 2531 513 2581 extensam
527 2523 649 2597 proprie
663 2524 671 2554 ¹
687 2540 752 2581 esse
767 2523 874 2580 nullibi.
908 2524 954 2580 Ex
970 2521 1006 2581 iis
1020 2521 1111 2591 enim,

122 2631 199 2688 quae
229 2612 382 2687 hucusque
412 2611 642 2682 declaravimus
678 2622 796 2670 constat
825 2612 1031 2671 extensionem
1068 2630 1115 2670 ex·

122 2712 237 2761 ternam
265 2701 412 2759 actualem
439 2719 501 2758 non
530 2718 596 2758 esse
624 2701 662 2759 de
691 2700 819 2759 essentia
842 2700 1029 2776 quantitatiS,
1061 2700 1114 2759 sed

123 2802 236 2850 tantum
266 2791 470 2849 extensionem
497 2799 650 2848 externam
678 2791 903 2865 aptitudinalem
932 2790 980 2848 vel
1015 2799 1114 2847 exten-

124 2882 239 2940 sionem
259 2881 416 2938 intemam.
458 2879 588 2937 Proinde
610 2896 674 2937 esse
695 2879 817 2954 proprie
839 2880 870 2936 in
890 2880 959 2937 loco
981 2897 1046 2936 non
1071 2889 1114 2936 est

124 2971 163 3028 de
184 2970 312 3028 essentia
333 2969 375 3027 rei
396 2977 544 3026 extensae.
573 2968 667 3042 Atqui
687 2968 770 3043 quod
791 2969 830 3026 de
849 2968 977 3026 essentia
992 2967 1113 3025 alicuius

124 3060 168 3117 rei
188 3077 251 3116 non
272 3068 330 3128 est,
358 3067 457 3131 potest
476 3056 515 3114 ab
535 3056 585 3113 illa
607 3057 755 3131 separari3
784 3067 883 3132 potest
909 3056 1040 3132 proinde
1068 3073 1113 3113 res

124 3147 165 3201 ita
186 3145 325 3201 exsistere
345 3144 376 3200 in
398 3162 438 3214 se,
460 3153 493 3201 ut
512 3144 617 3202 nullibi
639 3146 683 3202 sit.

188 3309 196 3339 ¹
214 3312 284 3370 Quid
297 3315 329 3361 sit
341 3331 395 3364 esse
401 3320 504 3380 propn'e
515 3317 542 3364 in
554 3319 620 3378 loco,
634 3335 710 3384 supra
724 3318 763 3386 (p.
775 3319 841 3386 336)
855 3321 1014 3372 declaratum
1027 3323 1112 3372 habes.
1167 3315 1169 3320 ’
