2350 3700
410 144 448 180 DE
467 142 643 182 ACTIVITATE
662 144 823 181 CORPORUM.

531 339 634 381 cnrur
655 340 696 381 rv.

401 448 457 506 DE
478 448 590 507 LEGE
611 447 824 507 NATURAE.

509 586 677 637 Armenius
697 600 715 637 1.

238 701 342 751 LEGIS
360 701 531 752 NATURAE
548 702 661 752 NOTIO
682 702 727 751 ET
746 701 992 752 EXSISTENTIA.

180 826 203 883 I.
225 834 323 884 Notio.
353 825 551 884 Inclinatione
571 826 621 883 illa
640 823 795 898 naturali,
811 825 850 884 de
877 843 938 901 qua
959 844 1053 901 supra
1073 824 1116 883 di-

119 913 230 985 ximus,
265 913 406 986 efficitur,
441 924 474 973 ut
502 932 632 991 corpora
658 915 782 973 modum
809 915 963 989 quendam
992 924 1117 983 servent

120 1013 306 1063 constantem
333 1014 364 1063 et
389 1004 569 1063 uniformem
597 1004 659 1064 sive
685 1004 718 1061 in
745 1004 873 1063 essendo
894 1004 957 1063 sive
978 1002 1011 1061 in
1043 1022 1117 1079 ope·

119 1092 224 1151 tanda.
252 1094 363 1152 Modus
383 1111 455 1153 vero
476 1094 526 1153 ille
547 1089 655 1152 dicitur
673 1095 720 1151 lex
733 1100 864 1162 naturae,
887 1111 966 1169 quae
980 1093 1116 1169 proinde

119 1180 273 1240 definitur:
301 1183 399 1241 arodus
419 1190 548 1241 constans
567 1190 596 1241 et
614 1182 786 1257 uniformis,
808 1200 888 1257 quem
908 1190 1036 1239 naturae
1057 1201 1116 1240 ser·

118 1277 192 1327 vant
208 1272 240 1329 in
259 1272 372 1330 essendo
391 1274 469 1330 etin
488 1273 639 1349 operando.

178 1362 243 1420 Lex
262 1372 386 1420 naturae
408 1360 530 1436 quando
550 1361 705 1438 speciatim
727 1360 932 1420 consideratur
953 1360 985 1417 in
1006 1378 1117 1436 opera-

117 1449 248 1509 tionibus
267 1469 436 1526 corporum,
458 1461 603 1526 quatenus
620 1461 687 1509 sunt
701 1452 781 1510 entia
795 1450 924 1526 physica,
946 1450 964 1508 i.
980 1468 1008 1508 e.
1023 1450 1117 1508 liber·
1167 1468 1168 1499 2

117 1548 177 1598 tate
198 1540 345 1613 destituta,
368 1540 475 1600 dicitur
495 1541 622 1599 strictius
642 1543 689 1599 lex
703 1540 831 1616 physica,
856 1558 934 1615 quae
953 1540 1115 1598 definitur:

117 1629 215 1688 modus
234 1637 362 1688 constans
383 1636 410 1687 et
428 1630 597 1705 uniformis,
621 1648 701 1705 quem
722 1631 837 1702 agentz'a
851 1630 971 1705 physica
992 1635 1119 1687 servant

117 1718 148 1775 in
169 1720 311 1795 operanda
324 1721 341 1779 ¹.
384 1720 608 1795 Saepenumero
630 1729 730 1777 tamen
752 1718 859 1777 eadem
880 1729 925 1777 est
952 1718 1032 1795 legis
1062 1737 1117 1776 na-

117 1818 200 1867 turae
221 1818 252 1868 et
272 1809 345 1885 legis
366 1808 508 1886 physicae
529 1808 672 1869 definitio.

178 1917 216 1974 II.
238 1925 418 1976 Eminentia
443 1915 594 1974 Exsistere
615 1915 697 1991 leges
710 1924 833 1972 naturae
846 1913 954 1990 negari
968 1931 1034 1972 non
1048 1924 1116 1989 pot·

117 2014 162 2062 est
181 2005 238 2063 nisi
259 2006 298 2063 ab
319 2024 366 2078 eo,
389 2005 440 2081 qui
460 2004 653 2063 veracitatem
668 2022 806 2063 sensuum
822 2003 914 2061 reicit.
946 2003 1115 2062 Manifesta

118 2094 198 2152 enim
219 2095 404 2170 experientia
425 2104 542 2152 constat
563 2113 692 2169 corpora
719 2103 781 2152 tum
811 2091 926 2168 singula
956 2101 1022 2150 tum
1049 2092 1116 2150 uni-

117 2201 202 2242 versa
230 2182 409 2243 activitatem
437 2203 520 2242 suam
547 2181 579 2240 in
609 2181 715 2241 iisdem
743 2179 970 2239 circumstantiis
998 2180 1115 2239 eodem
1167 2225 1168 2238 2

117 2290 236 2347 semper
255 2274 348 2332 modo
370 2290 520 2332 exercere.
549 2271 599 2331 Sic
620 2271 670 2329 nix
690 2289 809 2346 semper
824 2268 967 2345 frigescit,
989 2287 1117 2346 semper
1167 2281 1168 2344 t

117 2362 186 2420 alba
207 2370 266 2434 est,
294 2361 371 2438 ignis
392 2372 565 2422 constanter
585 2359 722 2419 calefacit
742 2370 772 2418 et
793 2359 956 2430 comburit,
988 2377 1115 2434 semper

116 2460 147 2508 et
167 2451 277 2511 eodem
297 2452 390 2511 modo
410 2452 441 2510 in
462 2451 568 2510 iisdem
589 2448 817 2508 circumstantiis
833 2447 924 2507 arbor
937 2467 1003 2507 sese
1016 2449 1115 2506 nutrit
1167 2449 1168 2460 ¹

117 2550 146 2598 et
167 2541 281 2600 crescit.
324 2541 416 2614 Quod
436 2540 516 2600 enim
537 2539 577 2598 de
599 2539 774 2614 corporibus
801 2537 992 2612 anorganicis
1019 2539 1113 2610 valet,

115 2629 175 2687 hoc
195 2628 277 2689 idem
298 2630 471 2690 observatur
491 2629 523 2686 in
543 2626 725 2700 viventibuS,
756 2637 845 2704 prout
872 2627 1009 2686 libertate
1040 2638 1116 2685 sunt

116 2719 262 2778 destituta.

116 2929 162 2978 der
181 2929 272 2978 Grund
290 2931 336 2979 der
353 2930 501 2996 Thatigkeit
519 2930 560 2979 die
578 2929 661 2979 Natur
685 2929 772 2979 selbst.
810 2928 889 2978 Diese
915 2929 948 2977 ist
973 2925 1047 2978 nicht
1073 2927 1112 2976 in·

116 3007 235 3058 different
252 3027 336 3075 gegen
355 3011 409 3059 ihre
428 3007 679 3074 Thiitigkeitsweise‚
706 3009 817 3058 sondern
844 3007 890 3056 mit
908 3008 955 3058 der
973 3007 1058 3056 Natur
1076 3009 1112 3057 ist

116 3086 171 3132 ihre
189 3087 424 3150 Tha'tigkeitsweise
443 3089 567 3153 gegeben,
587 3090 640 3137 und
658 3105 725 3137 zwar
742 3089 774 3137 ist
792 3089 827 3136 sie
845 3105 874 3137 so
892 3087 1031 3148 bestimmt,
1053 3089 1111 3137 dass

114 3162 150 3208 sie
168 3162 215 3210 der
232 3163 493 3230 Vervollkommnung
514 3167 569 3214 und
586 3166 729 3231 Erhaitung
755 3169 800 3216 des
826 3168 926 3232 Dinges
952 3165 1033 3216 selbst
1055 3169 1109 3217 und

115 3238 161 3282 der
178 3239 308 3302 Ordnung
324 3240 369 3288 des
387 3245 503 3292 Weltalls
521 3245 606 3293 dient»
629 3243 754 3308 (Lclrmen
773 3247 789 3295 l.
810 3263 832 3296 c.
852 3263 877 3311 p.
899 3259 933 3308 92
954 3256 980 3296 et
999 3245 1059 3310 93).

177 3312 185 3339 ¹
205 3315 243 3360 Cf.
264 3317 359 3377 Logica
377 3336 402 3380 p.
426 3333 483 3382 173.
