2350 3700
141 69 191 119 128
519 82 749 120 cmrnmotoora.

197 229 297 288 &atus
315 232 493 305 quassant.
515 260 554 269 —
579 251 604 288 1.
626 232 700 289 Sunt
719 229 858 289 veritates
880 231 1076 307 complures,
1098 226 1136 284 de
1154 225 1160 288 l

137 318 244 394 quibus
270 338 377 378 omnes
395 321 533 379 homines
552 320 680 378 naturali
704 319 836 394 quadam
855 320 1040 379 necessitate
1064 314 1138 375 moti

138 408 346 467 certitudinem
366 410 480 469 habent
498 410 633 467 directam
647 410 694 467 vel
707 416 890 485 spnztaneam
904 404 945 485 (p.
961 403 1024 485 94).
1065 408 1138 465 Hoc

138 500 250 557 facturn
277 500 317 556 ab
344 500 483 557 omnibus
503 500 551 557 vel
574 499 614 557 ab
640 498 712 574 ipsis
733 498 872 573 scepticis
896 508 927 557 et
947 498 1068 557 criticis
1090 496 1139 554 ad-

137 588 268 647 mittitur.
302 590 392 647 Tales
410 588 491 646 enim
512 599 588 659 sunt,
609 588 684 645 inter
704 588 788 657 altas,
808 598 869 646 tres
889 588 959 646 illae
979 587 1138 655 veritates,

139 695 216 752 quae
237 696 256 735 a
275 678 427 736 nonnullis
447 677 586 736 dicuntur
599 677 738 736 veritates
751 676 920 751 primitivae
931 679 949 748 ¹,
970 677 1137 735 nimirum:

133 767 248 841 sactum
255 769 384 843 primum
393 789 403 824 :
420 768 504 841 ‹Ego
518 766 645 825 exsisto>
655 787 664 842 ς
672 768 847 843 principiam
855 768 1003 842 prtinnm:
1027 766 1138 824 ‹Idem

137 874 201 914 non
218 865 316 931 potest
330 873 395 915 esse
409 856 495 914 simul
510 866 539 914 et
553 875 617 914 non
630 874 713 914 esse»
724 877 732 929 3
752 856 873 914 condictu
880 858 998 932 prima.-
1022 854 1139 913 «Ratio

138 944 344 1020 cognoscendi
365 964 460 1021 capax
481 956 552 1004 est.»
596 945 751 1005 Eiusmodi
778 944 1003 1021 propositiones
1024 962 1139 1003 omnes

137 1036 197 1092 sine
210 1035 271 1092 nlla
288 1035 440 1109 reflexione
452 1034 566 1094 directe
580 1046 613 1093 ut
626 1044 708 1093 certa
721 1034 924 1105 admittuntur,
946 1034 1042 1092 immo
1056 1052 1139 1092 non·

139 1124 239 1182 nullae
267 1142 305 1182 ex
324 1124 396 1200 ipsis
417 1124 482 1182 talis
503 1134 570 1183 sunt
590 1135 730 1196 natiuae,
756 1134 789 1181 ut
808 1123 875 1199 ipsa
895 1142 947 1183 sua
968 1124 1138 1199 negatione

139 1213 279 1290 explicita
292 1212 435 1289 implicite
449 1214 642 1272 affirmentur.
670 1214 760 1272 Tales
774 1223 843 1271 sunt
856 1230 882 1272 e.
904 1232 932 1289 g.
947 1212 1138 1290 principium

140 1302 385 1361 contradictionis
406 1313 437 1361 et
456 1303 568 1361 factum
588 1303 726 1378 primum.
768 1302 829 1360 Sed
847 1302 925 1361 haec
945 1301 1136 1361 certitudinis

141 1392 325 1463 exsistentia,
346 1410 414 1450 cum
436 1393 476 1450 ab
496 1391 566 1467 ipsis
587 1393 726 1469 scepticis
746 1392 935 1462 admittatur,
956 1392 989 1449 in
1010 1402 1137 1449 conten·

139 1481 221 1540 tione
241 1500 304 1539 non
325 1491 370 1539 est
388 1482 539 1557 ponenda.
575 1481 737 1555 Quaeritur
757 1492 856 1540 autem
876 1481 936 1552 hic,
958 1488 1067 1549 utrum,
1089 1500 1133 1537 rc·

133 1572 261 1645 flexione
286 1574 360 1628 circa
386 1572 567 1644 cognitionem
592 1578 720 1629 nestram
739 1573 886 1639 instituta,
908 1573 1007 1647 possit
1023 1570 1137 1627 ostendi

140 1661 319 1719 certitudines
339 1661 406 1718 illas
424 1667 454 1717 et
461 1663 621 1733 generatim
634 1660 813 1717 certitudines
825 1666 941 1718 nostras
961 1677 1056 1717 omnes
1076 1677 1134 1717 csse

141 1751 291 1824 legitinms,
313 1756 407 1826 αἰβοῖ(
426 1751 555 1808 obiectiae
568 1750 724 1824 fundatas,
745 1750 873 1809 necne².
1172 1757 1173 1766 ’

140 1970 320 2035 improbantes,
340 1971 516 2020 certitudinem
535 1971 674 2020 naturalem
693 1987 775 2036 neque
791 1971 907 2021 reicimus
924 1987 1009 2035 neque
1025 1971 1132 2035 positive

141 2053 166 2099 in
185 2051 289 2099 dubium
307 2067 467 2111 revocamus,
493 2052 539 2100 sed
558 2053 611 2101 eius
629 2052 750 2116 dogmata
768 2059 826 2100 ante
845 2067 947 2100 omnem
967 2050 1131 2100 scientificam

142 2131 329 2195 inquisitionem
347 2132 441 2180 directe
460 2132 621 2180 admittimus.

204 2218 211 2250 ¹
231 2221 272 2268 De
290 2221 330 2268 his
347 2220 495 2269 veritatibus
510 2220 644 2285 primitivis
656 2220 715 2270 vide
730 2221 757 2269 Τ
752 2221 871 2284 engt'ergr',
890 2220 953 2269 Inst.
967 2220 1032 2284 phil.
1045 2220 1098 2270 vol.
1111 2220 1130 2279 I,

141 2301 169 2349 P.
189 2301 222 2360 ΙΙ,
242 2316 264 2350 c.
284 2313 308 2362 3,
328 2317 352 2349 n.
372 2309 432 2362 425.
452 2301 513 2361 426.

202 2387 214 2420 ²
235 2390 287 2438 «La
305 2391 373 2438 vraie
392 2391 508 2454 question
527 2399 598 2440 entre
616 2389 654 2439 les
672 2391 793 2457 premiers
811 2398 837 2438 et
859 2389 897 2439 les
922 2390 1034 2439 seeonds
1060 2386 1134 2454 [inter

141 2471 265 2535 scepticos
291 2479 316 2519 et
341 2467 507 2536 dogmaticos]
534 2471 600 2518 n'est
624 2486 671 2534 pas
697 2471 729 2520 de
754 2470 838 2519 savoir
862 2471 884 2518 si
909 2468 985 2518 l’atme
1013 2470 1132 2518 humaine

141 2560 229 2600 trouve
248 2567 280 2599 en
306 2551 354 2600 elle
379 2551 424 2599 des
450 2551 625 2599 assentiments
650 2551 772 2610 certains,
801 2565 823 2599 c.
851 2547 866 2599 it
886 2551 911 2599 d.
938 2551 1134 2614 spontanement

140 2630 314 2680 irresistibles:
342 2631 404 2680 c'est
422 2630 500 2680 chose
519 2631 656 2691 accordee,
684 2631 748 2680 etsi
768 2630 905 2696 quelqu’un
923 2629 1036 2680 s'avisait
1055 2632 1088 2679 de
1110 2631 1133 2678 le

140 2713 203 2773 nier,
222 2712 238 2760 il
258 2711 435 2776 supprimerait
453 2711 476 2759 le
495 2711 581 2772 de‘bat,
600 2713 668 2759 faute
687 2711 786 2774 d'objet
798 2708 814 2758 a
825 2711 958 2771 debattre3
977 2711 1003 2758 la
1015 2712 1132 2775 question
1174 2726 1175 2729 ¹

141 2801 180 2842 est
198 2793 230 2840 de
249 2793 331 2841 savoir
349 2794 384 2850 si,
404 2791 447 2839 oui
466 2806 500 2839 ou
518 2807 584 2850 non,
604 2791 788 2856 l'intelligence
806 2800 868 2856 peut
884 2790 1006 2855 justifier,
1026 2792 1090 2839 dans
1109 2791 1132 2838 le

141 2873 259 2921 domaine
278 2873 310 2921 de
329 2872 354 2919 la
370 2871 500 2930 reflexion,
520 2871 545 2918 la
563 2871 688 2921 certitude
707 2873 739 2920 de
758 2887 806 2920 nos
822 2871 958 2921 adhesions
970 2871 1130 2936 spontanees.

141 2953 213 3000 Dans
238 2951 418 3011 l'affirmative,
445 2952 469 3000 le
495 2951 663 3015 dogmatisme
688 2969 704 2999 a
728 2951 813 3000 raison
839 2961 865 3000 et
883 2951 909 2999 la
926 2951 1064 3010 certitude,
1089 2953 1131 3015 qui

141 3031 228 3081 n'etait
247 3048 295 3094 que
315 3033 454 3094 spontanee
470 3031 632 3095 jusqu'alors,
651 3030 722 3080 revet
739 3032 765 3079 le
777 3032 906 3080 caractere
919 3031 997 3079 d’une
1009 3031 1130 3079 certitude
1171 3060 1173 3077 .

141 3109 273 3167 reflechie,
301 3109 472 3173 scientifique;
500 3111 563 3157 dans
589 3108 614 3157 la
633 3111 766 3174 negative,
796 3110 813 3158 il
832 3128 849 3175 y
866 3128 883 3160 a
901 3111 1044 3160 desaccord
1062 3120 1130 3160 entre

141 3185 261 3233 l'activite
280 3186 419 3246 spontanee
437 3196 462 3234 et
480 3186 601 3236 l'activite
619 3189 740 3238 refleehie
759 3191 791 3238 de
817 3191 928 3254 l'esprit,
954 3199 981 3238 et
1007 3191 1025 3238 il
1051 3191 1092 3254 n'y
1116 3208 1131 3238 a
1171 3203 1173 3227 ¹

143 3262 236 3323 qu'une
255 3261 402 3308 conclusion
421 3263 600 3326 desesperante
620 3265 635 3314 ὲ
653 3270 713 3316 tirer
732 3269 764 3316 de
783 3267 815 3330 lt,
835 3271 897 3318 c’est
916 3286 967 3334 que
979 3269 1004 3317 la
1017 3271 1130 3319 machine
