2350 3700
265 116 303 151 DE
323 115 492 160 QUIBUSDAM
513 115 697 152 SYLLOGISMlS
718 116 915 155 llslPERFEC'l'lS.
1049 106 1082 170 85

88 262 224 320 eandam
245 263 428 323 restituenda
449 274 494 323 est
514 263 679 340 propositio
700 283 866 340 suppressa,
888 283 966 341 quae
987 274 1085 341 potest

88 368 158 409 esse
180 352 230 410 vel
251 353 347 411 maior
366 354 415 411 vel
436 352 542 411 minor.
585 353 616 411 Si
637 354 668 411 in
689 354 888 413 antecedente
908 356 993 413 deest
1014 375 1084 414 con·

88 441 236 499 clusionis
257 442 479 517 praedicatum,
504 452 535 500 ut
555 444 585 500 in
607 445 747 519 exemplo
768 445 865 516 allato,
888 444 983 503 maior
1004 444 1085 503 resti·

88 532 207 589 tuenda
229 542 290 605 est,
311 531 336 591 si
356 532 522 590 subiectum
537 532 630 604 deest,
652 532 752 591 minor
771 534 872 591 animo
894 542 939 592 est
958 545 1082 593 retenta.

88 620 122 677 Si
144 630 286 678 neutrum
307 631 471 680 extremum
492 620 523 679 in
545 622 742 680 antecedente
756 622 932 693 inveniatur,
953 623 1085 699 syllogis-

88 728 158 767 mus
180 709 298 785 integer
317 710 525 786 hypotheticus
546 712 609 781 erit,
632 730 658 770 e.
674 727 717 786 g.:
741 711 825 771 Pluit.
868 712 949 786 Ergo
971 711 1083 769 amicos

87 816 154 856 non
176 800 294 874 veniet3
322 799 557 874 subintellegitur
577 800 688 858 maior:
719 800 749 857 Si
770 800 859 875 pluit,
888 800 1000 859 amicus
1021 820 1083 859 non

88 889 204 947 veniet.

152 987 343 1062 Epicterema
357 996 416 1045 est:
438 988 656 1060 argumentatio,
671 988 702 1044 in
715 1006 772 1062 qua
784 988 839 1045 uni
849 988 897 1045 oel
906 987 1082 1063 alteriprae·

87 1078 194 1134 missae
214 1076 263 1134 oel
280 1079 392 1151 utrique
418 1078 504 1134 simul
521 1077 644 1135 adicitur
666 1078 805 1152 probatio.
848 1079 883 1135 E.
905 1092 949 1152 g.:
979 1078 1082 1135 Homo

86 1168 185 1225 habet
213 1165 343 1224 animam
366 1164 560 1241 spiritualem,
589 1176 688 1241 potest
708 1165 789 1224 enim
810 1166 950 1241 cogitare.
990 1166 1083 1240 Atqui

86 1255 194 1313 anima
223 1255 381 1330 spiritualis
402 1266 446 1314 est
466 1254 656 1325 immortalis,
685 1256 755 1330 quia
775 1272 829 1313 ens
849 1255 999 1331 spirituale
1020 1273 1083 1313 cor·

87 1345 191 1421 rumpi
207 1363 271 1403 non
285 1355 391 1420 potest.
423 1346 504 1419 Ergo
519 1346 611 1402 homo
625 1343 717 1402 habet
730 1343 861 1402 animam
875 1346 1081 1403 immortalem.

155 1441 265 1499 Sorites
292 1436 435 1517 (sapato,
462 1443 596 1512 cumulo,
619 1437 763 1516 congero)
786 1452 842 1500 est:
874 1446 1083 1515 argumentatio

90 1538 225 1589 constans
245 1532 379 1606 pluribus
400 1532 638 1607 propositionibus
665 1532 707 1587 ita
734 1532 810 1588 inter
838 1550 867 1589 se
896 1535 1022 1602 conexis,
1051 1542 1084 1590 nt

87 1622 289 1695 praeaicatum
298 1622 498 1696 propositionis
519 1620 702 1677 aretecedentrs
713 1622 776 1695 fiat
788 1621 935 1679 subiectum
949 1625 1083 1697 pronr'rne

91 1712 242 1784 sequentis,
265 1712 353 1767 etita
367 1719 468 1786 porro,
489 1710 575 1768 donee
593 1710 635 1767 aal
651 1711 847 1767 conclusionem
867 1712 1025 1779 dr'scrirrat,
1051 1712 1082 1768 in

91 1819 153 1876 qua
172 1800 322 1858 subiectum
337 1802 452 1876 primae
466 1801 667 1878 propositionis
694 1817 753 1857 cum
776 1801 940 1877 praedicato
967 1802 1083 1858 ultimae

92 1893 283 1964 coniungitur.
323 1893 358 1948 E.
381 1905 424 1966 g.:

92 2042 150 2100 Vir
170 2042 268 2100 bonus
288 2043 380 2100 habet
399 2043 511 2100 bonam
539 2041 693 2101 conscien-

157 2131 239 2190 tiam.

91 2221 155 2294 Qui
189 2223 282 2280 habet
317 2221 430 2278 bonam
461 2219 691 2294 conscientiam,

153 2310 259 2368 fruitur
280 2327 364 2385 pace.

90 2400 153 2472 Qui
176 2399 281 2457 fruitur
302 2416 386 2474 pace,
408 2399 512 2457 beatus
533 2409 585 2457 est.

91 2491 175 2563 Ergo
196 2489 243 2547 vir
263 2487 361 2546 bonus
381 2489 484 2547 beatus
506 2498 558 2546 est.

91 2665 245 2738 Regulae:
271 2683 295 2720 r.
315 2663 403 2721 Nulla
417 2661 579 2738 praemissa
593 2662 630 2721 sit
643 2681 693 2720 ne·

132 2752 233 2827 gativa
254 2762 372 2828 praeter
392 2752 534 2810 ultimam.

156 2862 182 2900 2.
205 2841 295 2899 Nulla
316 2841 478 2916 praemissa
499 2841 535 2900 sit
555 2839 740 2917 particularis
761 2849 880 2916 praeter
900 2840 1035 2916 primam.

154 2939 300 2996 Rationes
327 2940 432 2996 harum
458 2941 625 3014 regularum
653 2956 833 3013 cognosces,
862 2938 886 2996 si
906 2948 1080 2997 structuram

93 3027 263 3087 huiusmodi
278 3029 541 3103 argumentationis
556 3028 753 3104 perspexeris,
774 3029 823 3085 vel
843 3038 937 3085 toturn
951 3029 1080 3104 syllogis-

94 3136 175 3176 mum
197 3117 229 3174 in
250 3117 434 3192 syllogismos
455 3117 594 3193 partiales
615 3117 778 3176 resolveris.

153 3215 390 3290 Prosyllogismus
403 3217 451 3274 vel
465 3215 710 3289 Polysyllogismus
723 3223 781 3270 est:
797 3215 1004 3284 argumentatio
1017 3215 1080 3268 duo·

95 3307 144 3368 ltus
157 3305 205 3364 orl
217 3303 351 3384 pluribus
370 3305 536 3382 syllogismis
549 3310 686 3370 constans,
707 3303 738 3357 in
751 3319 808 3374 quo
824 3301 956 3356 conclusio
971 3300 1082 3371 prioris

844 2701 890 2751 Fig.
909 2715 940 2751 ¹7·
