2350 3700
157 147 356 185 DEFINITIONis
375 149 412 185 ET
430 148 588 186 nrvtsmrtts
609 149 699 186 ΝΟΤΙΟ
720 149 919 186 DECLARATUR.
979 147 1027 198 179

433 324 600 372 Auricuuus
620 335 639 374 1.

74 435 318 485 DEFINITIONlS
336 436 382 485 ET
400 436 594 485 DIVISIONIS
613 437 726 486 ΝΟΤΙΟ
746 437 995 488 DECLARATUR.

370 574 388 643 ξ
410 591 432 628 1.
464 581 508 628 De
526 579 700 629 definitione.

99 705 136 760 In
156 701 331 761 notionibus
352 701 548 776 explanandis
568 719 786 778 saepenumero
807 703 853 775 fit,
875 712 915 776 ut,
940 702 1030 779 prius·

44 810 129 866 quam
158 791 198 850 de
226 792 292 866 ipsa
319 790 444 872 notione
470 789 633 866 quicquam
661 791 843 863 declaretur,
875 792 914 851 de
943 811 1030 852 sensu

43 883 157 938 termini
185 881 335 956 quaedam
364 890 579 956 praenotentur
609 889 639 939 et
668 879 868 955 explicentur,
901 892 933 940 ut
963 901 1030 940 cum

44 970 182 1028 dicimus:
207 969 425 1045 ‹criteriologia
439 969 520 1028 idem
534 978 579 1028 est
593 989 629 1027 ac
643 987 741 1028 sermo
755 969 794 1028 de
808 970 914 1030 mediis
928 987 1030 1030 verum

44 1059 147 1118 alalso
163 1059 384 1131 discernendi»,
406 1060 469 1117 vel:
495 1076 606 1134 «equus
627 1059 708 1116 idem
736 1070 780 1118 est
800 1079 837 1118 ac
858 1061 962 1118 cheval
983 1061 1030 1119 vel

44 1148 161 1206 urard».
205 1151 294 1206 Haec
322 1147 441 1206 termini
471 1147 630 1223 explicatio
655 1148 714 1205 iam
744 1147 852 1207 dicitur
878 1148 1030 1222 definitio3

26 1248 27 1309 l
45 1240 106 1311 pezii
126 1255 198 1296 vero
211 1238 247 1294 dc
266 1239 377 1294 nemius
389 1244 500 1294 tantum
518 1243 567 1305 est,
589 1236 747 1311 specialius
760 1249 882 1296 vocatur
896 1237 1030 1296 definitio

26 1326 203 1384 inominalis
232 1326 280 1384 vel
307 1325 442 1385 definitio
466 1326 564 1401 qimai
578 1343 685 1384 namen.
728 1327 781 1384 Est
805 1327 933 1402 proinde
955 1328 1030 1385 haec

46 1414 195 1474 definitio:
218 1417 311 1474 oratii)
331 1416 474 1490 explicam
493 1433 603 1472 semum
623 1416 743 1472 termini.

96 1514 182 1572 Fieri
203 1524 301 1572 autem
322 1523 421 1589 potest
441 1514 516 1572 haec
537 1513 696 1572 nominalis
717 1512 863 1572 definitio:

97 1605 149 1662 vel
179 1620 234 1678 per
254 1605 454 1678 emwhgiem,
475 1612 507 1660 ut
528 1621 596 1659 curn
617 1601 703 1660 dico:
727 1601 935 1679 «Philosophia
956 1602 1030 1661 deri-

42 1702 123 1750 vatur
146 1711 167 1748 a
187 1692 302 1750 duabus
321 1691 445 1750 vocibus
465 1690 580 1766 graecis
602 1685 677 1766 aaa<
698 1700 727 1749 et
748 1686 864 1766 copiam

98 1783 150 1840 vel
181 1781 308 1838 adhibita
328 1799 391 1839 voce
411 1782 487 1850 alia,
516 1798 593 1856 quae
615 1779 723 1838 clarior
744 1781 794 1854 sit,
821 1799 846 1839 e.
869 1799 897 1857 g.
920 1780 943 1838 si
966 1781 1031 1857 quis

43 1871 125 1929 dicit:
147 1870 360 1929 ‹Theodicaea
375 1871 455 1929 idem
472 1881 516 1929 est
532 1890 568 1928 ac
584 1871 735 1946 theologia
752 1870 907 1946 naturalis3
924 1871 1030 1943 ethica,

43 1960 123 2019 idem
145 1980 182 2018 ac
202 1960 324 2018 moralis
343 1960 523 2034 naturalisa3

102 2050 152 2108 vel
182 2057 327 2124 utcumque
356 2049 520 2125 explicando
542 2050 721 2107 vocabulum
749 2048 883 2125 ignotum
907 2050 1030 2109 vocibus

44 2138 140 2213 magis
161 2138 249 2197 notis,

103 2236 269 2311 Praecipua
289 2254 362 2294 vero
382 2235 516 2294 definitio
537 2253 573 2293 ea
595 2245 646 2307 est,
670 2254 746 2312 quae
761 2245 883 2295 vocatur
897 2236 1030 2295 definitio

43 2325 131 2383 realis
151 2325 200 2383 vel
221 2324 356 2383 definitio
376 2326 475 2400 quoad
490 2344 558 2382 rem.
602 2325 778 2384 Generatim
801 2326 876 2383 haec
897 2324 1031 2384 definitio

44 2415 214 2472 declaratur
233 2424 265 2471 ut
285 2414 334 2473 sit:
356 2416 449 2471 oratii)
469 2414 613 2489 explicans
632 2415 704 2488 quid
719 2417 758 2471 sit
776 2416 839 2490 ipsa
859 2432 912 2472 res.

102 2514 206 2571 Potest
226 2523 335 2583 autem,
358 2513 431 2588 quid
452 2512 489 2570 sit
508 2531 565 2583 res,
587 2512 700 2588 duplici
721 2513 813 2571 modo
835 2512 990 2588 explicari:

108 2632 133 2668 1.
156 2611 215 2669 Vel
235 2629 291 2686 per
312 2628 407 2685 genus
428 2610 581 2686 quoddam
603 2620 633 2669 et
653 2610 793 2669 adiuncta
814 2628 1030 2685 quaecumque,

41 2701 91 2758 vel
118 2700 242 2774 propria
269 2700 318 2757 vel
337 2698 551 2772 accidentalia,
580 2699 621 2757 ita
641 2709 672 2756 ut
692 2718 777 2757 meus
805 2700 844 2757 ad
865 2699 1033 2758 essentialia

42 2789 131 2846 unice
162 2788 351 2847 ostendenda
380 2805 443 2845 non
472 2788 616 2846 attendat.
665 2790 753 2847 Haec
783 2788 916 2847 definitio
946 2787 1033 2846 realis

43 2888 169 2935 vocatur
197 2878 372 2953 determina.
424 2876 514 2936 Cuius
549 2876 593 2935 rei
628 2877 795 2951 exemplum
831 2876 971 2947 habebiS,
1008 2876 1031 2934 si

43 2967 198 3025 hominem
223 2967 374 3025 definieris
404 2966 531 3024 «animal
558 2965 646 3041 bipes
674 2966 845 3041 implume».
888 2967 954 3024 Tali
982 2966 1031 3024 de-

46 3055 180 3114 finitione
208 3054 336 3113 maxime
361 3065 480 3113 utuntur
509 3065 634 3129 poetae,
663 3064 812 3126 oratores,
844 3054 907 3126 alii,
939 3055 1031 3113 rarius

49 3162 116 3203 vero
137 3144 310 3220 philosophi
330 3144 425 3220 ipsam
446 3144 598 3202 adhibent.

104 3244 161 3301 Est
181 3253 280 3301 autem
300 3243 377 3301 haec
391 3241 524 3301 definitio
539 3242 719 3316 descriptiva
733 3242 780 3299 vel
794 3242 971 3299 accidentalis
984 3242 1031 3299 vel

43 3334 166 3409 propria
186 3332 233 3389 vel
253 3333 377 3389 causalis
396 3332 443 3390 vel
461 3334 603 3404 genetice,
632 3341 719 3405 prout
741 3348 787 3387 res
808 3348 862 3403 per
884 3329 1031 3387 elementa

816 3437 846 3471 12
858 3426 871 3454 *
