2350 3700
304 161 343 196 nr
363 161 469 198 nunno
488 160 706 197 nnrnnmurrun
726 161 876 197 sinemo,
1033 148 1083 211 389

505 326 619 383 Scorto
642 343 671 383 u.

220 448 276 495 DE
292 448 445 495 NATURA
463 448 753 497 UNIVERSITATIS
771 449 968 498 CORPORUM

406 528 474 575 VEL
494 528 614 576 IPSIUS
631 528 770 578 MUNDI.

152 652 309 726 Corpora,
338 649 393 709 etsi
421 660 452 708 ut
477 650 656 710 substantiae
684 650 825 710 exsistunt
851 650 966 727 singula
994 650 1025 708 in
1052 670 1083 710 se

87 737 179 816 ipsis,
207 750 309 798 tamen
337 740 444 799 mutuis
471 739 664 798 relationibus
691 739 768 798 inter
796 758 826 799 se
856 739 1032 815 colligantur
1055 750 1084 799 et

88 830 242 887 uniuntur.
285 828 377 888 Unde
405 831 452 900 fit,
480 839 512 887 ut
538 830 749 887 aamersitatem
769 847 866 887 rerum
887 838 1084 904 corporearum
1168 878 1169 881 ,

89 918 285 977 considerare
304 918 451 993 possimus
472 930 504 976 ut
524 937 577 977 ens
600 918 754 995 quoddam
773 936 873 990 unum,
896 917 977 993 quod
998 936 1084 976 voca·
1168 912 1169 945 ³

89 1026 157 1067 mus
178 1008 321 1065 mundum.
365 1008 460 1066 Sensu
488 1008 570 1065 enim
598 1008 698 1067 stricto
725 1025 784 1066 vox
810 1007 914 1065 mundi
939 1006 1084 1081 significat
1168 1058 1169 1065 ,

88 1098 286 1173 aspectabilem
299 1097 374 1155 bum
386 1097 530 1166 mundum,
552 1115 620 1155 curn
642 1114 729 1155 sensu
751 1096 854 1155 latiore
874 1096 924 1154 hic
942 1095 1083 1155 terminus

9 1209 11 1219 ¹
89 1188 285 1263 complexum
294 1195 496 1245 creaturarum
511 1186 644 1244 omnium
659 1185 802 1261 designet,
818 1184 1010 1261 spirituaiium
1025 1203 1083 1242 una

90 1285 121 1334 et
143 1293 367 1351 corporearum.
403 1274 568 1349 Loquimur
588 1275 638 1332 hic
659 1274 697 1333 de
718 1274 831 1332 mundo
853 1291 1008 1349 corporeo.

152 1376 255 1433 Potest
281 1391 355 1432 vero
381 1372 432 1432 hic
458 1371 586 1431 mundus
614 1372 771 1449 dupliciter
799 1372 996 1431 considerari:
1025 1391 1084 1429 ma-

87 1462 235 1521 terialiter
255 1473 285 1521 et
306 1462 477 1521 formaliter.
515 1462 715 1519 Materialiter
729 1472 891 1536 -spectatur,
913 1461 938 1519 si
958 1478 995 1519 ea
1015 1478 1084 1519 con·

88 1553 287 1628 templamur,
317 1552 472 1626 exquibus
495 1551 528 1609 fit
548 1569 639 1608 unum
668 1550 756 1625 quid3
778 1550 948 1625 formaliter
974 1559 1081 1620 autern,

89 1660 161 1700 cum
192 1640 324 1699 animum
354 1641 393 1699 ad
423 1639 569 1698 rationem
603 1638 797 1711 intendimus,
834 1657 910 1714 quae
941 1638 1082 1697 unitatem

88 1732 173 1788 illam
202 1729 301 1789 efficit.
344 1729 387 1787 Sit
415 1747 487 1803 ergo
513 1728 551 1787 de
573 1729 618 1786 his
640 1728 757 1787 duobus
778 1728 882 1786 mundi
903 1726 1081 1803 aspectibus,
1168 1764 1169 1767 =

486 1911 652 1960 Anrrcuuus
672 1922 690 1960 1.

242 2024 290 2074 DE
310 2025 439 2074 MUNDO
459 2023 726 2073 MATERIALITER
746 2023 935 2073 SPECTATO.

155 2152 178 2207 Ι.
209 2149 300 2206 Hunc
328 2148 463 2205 mundum
492 2148 634 2206 evidenter
662 2148 785 2205 vibemus
819 2165 875 2204 esse
908 2148 1084 2222 campmitam

91 2239 236 2314 quoddam
256 2255 293 2294 ex
312 2237 396 2294 rebus
415 2238 569 2313 composita
588 2243 618 2292 et
635 2237 820 2294 mutabilibus.

156 2329 294 2402 Corpora
321 2324 403 2384 enim
430 2325 531 2383 omnia
557 2327 606 2383 vel
633 2325 698 2400 ipsa
723 2326 898 2400 corpuscula
918 2323 1085 2400 composita

92 2435 160 2475 esse
183 2415 291 2474 scimus
312 2415 444 2490 partibus
464 2413 679 2490 integrantibus
699 2414 746 2472 vel
763 2414 865 2472 saltem
881 2413 1083 2472 constitutivis,

157 2505 244 2578 Quae
266 2503 369 2562 omnia
389 2502 513 2562 diversis
533 2503 663 2561 motibus
684 2513 829 2578 perpetuo
850 2501 971 2574 mutari,
998 2520 1084 2578 expe·

93 2593 203 2654 rientia
224 2594 295 2652 item
316 2603 502 2668 compertum
524 2603 575 2651 est.

155 2695 193 2750 ΙΙ.
230 2690 321 2753 Unde
355 2691 481 2749 concludi
511 2698 605 2766 potest
642 2690 775 2748 emendum
810 2690 1012 2748 consideratum
1046 2709 1083 2747 se-

92 2783 215 2840 cundum
235 2782 401 2849 amberiam,
429 2780 447 2837 i.
470 2797 490 2837 e.
513 2781 660 2838 seeundum
681 2780 829 2849 elementa,
852 2798 887 2836 ex
907 2780 1006 2855 quibus
1026 2797 1084 2837 con-

9 2856 10 2867 *
92 2873 232 2939 stituimr,
255 2886 332 2928 certo
352 2893 416 2928 ease
436 2879 554 2927 finitum.
595 2868 729 2927 Etenim:

159 2990 183 3026 1.
206 2967 337 3026 Finitum
358 2967 492 3026 additum
512 2966 551 3025 ad
572 2967 685 3025 finitum
706 2985 769 3025 non
787 2965 876 3025 efficit
890 2965 946 3025 nisi
960 2966 1082 3024 finitum.

93 3060 197 3116 Partes
211 3067 311 3116 autem
332 3074 493 3132 corporum
513 3074 627 3127 omnes,
650 3055 710 3114 sive
732 3055 913 3132 integrantes
934 3054 995 3114 sive
1015 3073 1084 3112 con·

8 3146 12 3179 ³
93 3146 251 3218 stitutivae‚
273 3164 310 3204 eo
332 3145 406 3222 ipso,
429 3145 511 3220 quod
532 3155 600 3204 sunt
615 3152 724 3221 partes,
746 3144 845 3203 finitae
868 3153 942 3203 sunt.

157 3267 183 3303 2.
213 3243 369 3319 Quidquid
396 3244 528 3301 enatabile
555 3254 614 3314 est,
646 3261 683 3302 eo
714 3243 779 3318 ipso
809 3243 921 3300 finitum
949 3252 1009 3316 est3
1023 3269 1025 3273 ’
1039 3253 1084 3301 est

94 3335 228 3394 enimin
243 3335 374 3409 potentia
394 3333 433 3391 ad
454 3332 670 3408 perfectionem
691 3329 913 3406 acquirendam.
