2350 3700
1107 12 1161 93 Ἰ

147 126 197 185 284
520 138 559 174 nn
578 138 758 175 carnoonus.

207 305 232 344 2.
248 285 375 343 Habitus
388 288 549 361 eperatmus
558 285 655 361 ipsam
669 287 834 361 potentiam
849 287 890 346 ad
904 288 987 345 bene
1002 286 1058 344 vel
1074 286 1151 343 male

144 375 296 450 agendum
316 374 456 449 disponit.

204 464 353 539 Definitio.
409 464 537 524 Habitus
571 464 740 541 operativus
774 475 834 524 est:
869 466 1001 539 qualitas
1038 465 1156 522 stabilis

140 555 298 629 potentiam
324 552 472 629 disperiens
498 560 527 610 et
545 562 716 629 promanans
743 554 785 611 ael
802 555 940 628 agendum
962 555 1026 612 alio
1053 555 1156 629 patius

144 660 229 717 quam
249 643 308 700 alie
328 642 422 711 meda,
453 643 519 700 bene
539 644 586 701 uel
603 644 691 712 mnu,
716 645 800 700 iuxta
820 644 930 701 nudum
951 644 1084 711 scilicet,
1107 646 1158 717 qui

145 733 273 789 conuenit
299 732 347 789 uel
373 739 516 807 repugnat
543 739 666 790 naturae
700 734 816 806 agentis.
868 732 949 791 Talis
984 742 1033 791 est
1048 776 1053 783 .
1067 750 1097 790 e.
1129 751 1154 806 g.

146 820 263 878 habitus
283 830 364 878 recte
385 821 592 893 ratiocinandi,
615 840 706 897 quem
726 822 853 897 acquirit
872 822 1091 897 philosophus,

207 909 335 968 Habitus
364 910 494 986 proinde
524 910 655 969 facultati
684 910 855 969 immediate
884 910 987 969 tribuit
1018 910 1155 986 disposi-

146 998 259 1058 tionem
274 1000 427 1075 quandam
440 999 576 1059 stabilem
591 1001 638 1059 vel
659 1002 865 1059 inclinationem
886 1000 996 1057 adtuli
1014 1000 1154 1057 determi-

147 1095 215 1146 nate
242 1090 322 1147 mede
355 1089 494 1162 agencium
529 1088 628 1166 potius
663 1108 754 1165 quam
788 1089 856 1148 alio.
907 1090 1154 1164 Consequenter

146 1178 265 1237 confert
293 1177 383 1237 etiam
409 1178 511 1254 agenti
532 1178 707 1253 facilitatem
734 1190 763 1237 et
784 1180 989 1237 delectationem
1017 1178 1053 1235 in
1077 1196 1154 1253 ope·

147 1267 258 1325 raudo:
281 1267 335 1325 sed
355 1268 431 1327 haec
452 1268 511 1326 duo
533 1277 600 1327 sunt
621 1268 744 1327 effectus
758 1268 883 1339 habitus,
905 1286 967 1326 non
990 1269 1151 1325 elementa

149 1355 211 1414 eius
231 1356 428 1415 constitutiva.
506 1360 509 1364 ’

207 1445 321 1521 Species.
362 1446 504 1517 HabituS,
527 1447 649 1522 dequo
671 1447 839 1505 hicsermo
863 1455 921 1517 est,
952 1456 998 1504 est
1020 1446 1149 1503 habitus

141 1538 261 1611 proprie
274 1537 362 1593 dictus
374 1536 423 1595 vel
435 1536 553 1595 habitus
567 1536 730 1612 disponens
744 1535 910 1612 potentiam
923 1536 1149 1593 immaterialem

147 1624 196 1682 vel
209 1625 393 1683 rationalem.
422 1626 558 1684 Perfecte
572 1624 654 1683 enim
669 1634 698 1683 et
711 1626 832 1701 proprie
843 1625 1007 1699 loquendo,
1023 1624 1151 1682 habitus

147 1713 229 1772 illam
250 1724 363 1772 tantum
384 1714 549 1790 potentiam
568 1716 715 1790 perficere
736 1724 847 1791 potest,
871 1732 948 1789 quae
969 1714 1002 1771 in
1024 1732 1060 1772 se
1085 1718 1161 1772 non*

151 1803 242 1863 habet
275 1803 532 1862 determinatzbnem
562 1805 742 1862 intrinsecam
772 1803 810 1862 ad
841 1803 937 1862 taliter
966 1803 1016 1862 vel
1049 1803 1152 1861 taliter

151 1893 317 1968 agendum3
339 1893 434 1969 qualis
454 1904 499 1952 est
512 1913 539 1952 e.
555 1913 582 1969 g.
598 1894 694 1953 libera
711 1895 846 1952 voluntas
866 1892 1005 1952 hominis.
1036 1893 1150 1950 Huius·

151 1982 234 2040 modi
253 1983 370 2041 habitus
391 1993 435 2042 est
455 2001 481 2041 e.
503 2002 531 2058 g.
553 1983 644 2042 virtus
665 1982 798 2042 iustitiae.

211 2071 404 2130 Inveniuntur
431 2082 532 2131 tamen
553 2072 585 2130 in
610 2073 751 2148 potentiis
772 2071 961 2130 inferioribus
982 2071 1033 2130 vel
1057 2081 1148 2128 mate·

150 2159 286 2232 cialibus,
317 2171 388 2237 puta
417 2162 447 2219 in
477 2162 619 2238 potentiis
648 2164 815 2232 brutorum,
848 2161 932 2236 quasi
961 2159 1145 2218 imitationes

151 2250 300 2325 quaedam
329 2250 436 2309 horum
465 2251 627 2310 habituum
670 2251 820 2309 Animalia
849 2268 875 2308 e
900 2269 927 2325 g.
960 2267 999 2308 ex
1030 2249 1143 2308 actibus

150 2357 222 2415 repe
224 2339 290 2412 titis,
312 2341 367 2398 sub
381 2339 546 2399 directione
560 2340 689 2399 hominis
704 2339 886 2416 praesertim,
908 2337 1059 2396 maiorem
1078 2331 1158 2450 aptii

151 2430 275 2487 tudinem
301 2431 349 2488 vel
369 2429 543 2504 facilitatem
570 2429 726 2505 acquirere
753 2437 885 2505 possunt
928 2427 990 2500 Qui
1020 2403 1158 2502 quidem

151 2517 276 2590 habitus,
298 2517 465 2578 materiales
485 2519 633 2594 potentias
654 2518 857 2594 disponentes
879 2516 1019 2575 dicuntur
1033 2517 1157 2574 lubian

152 2609 306 2684 improprie
326 2610 399 2667 dieti.
1156 2573 1157 2660 i

214 2697 285 2755 Non
305 2697 454 2772 loquimur
474 2696 523 2755 hic
544 2698 600 2755 nisi
624 2697 663 2756 de
684 2696 832 2755 habitibus
860 2695 982 2771 proprie
1005 2694 1095 2753 dictis
1114 2709 1137 2752 et

153 2786 280 2862 proinde
301 2785 340 2843 de
360 2785 508 2844 habitibus
529 2786 658 2845 hominis
679 2795 766 2862 prout
787 2795 832 2844 est
852 2783 1014 2842 rationalis.

153 2965 183 3022 in
205 2965 441 3039 supernaturales
462 2973 491 3022 et
511 2966 668 3023 naturales.

213 3051 341 3110 Habitus
367 3054 599 3127 supernaturales
619 3054 667 3112 vel
688 3053 776 3112 infusi
803 3052 823 3110 ii
851 3061 932 3122 sunt,
959 3053 1012 3126 qui
1039 3072 1057 3108 a
1080 3053 1133 3107 Dee

148 3145 268 3210 praeter
301 3141 456 3210 exigentias
485 3148 512 3196 et
537 3143 613 3198 vires
647 3149 770 3199 naturae
799 3142 908 3199 licemini
934 3140 1131 3214 infunduntur.

154 3225 242 3279 Tales
270 3235 336 3280 sunt
363 3243 388 3282 e.
411 3246 438 3299 g.
468 3227 557 3297 fides,
586 3248 670 3304 spes,
700 3230 815 3288 caritas
859 3231 935 3288 Cum
956 3230 1076 3288 habitus
1101 3227 1130 3284 illi

156 3308 213 3361 sint
240 3320 358 3379 praeter
388 3313 549 3385 exigentias
577 3327 608 3374 et
635 3318 712 3376 vires
732 3329 872 3389 naturae,
901 3318 932 3375 in
954 3319 1021 3394 ipsa
1041 3329 1129 3376 natura
