2350 3700
178 137 216 172 DE
235 136 386 172 DIVISIONE
406 135 640 173 PROPOSITIONUM
659 135 893 172 COMPOSlTARi'M.
995 136 1026 183 41

17 285 206 360 positiones
227 286 361 353 couniret,
390 303 452 342 non
474 302 593 358 semper
612 296 714 341 tamen
741 283 904 342 formaliter
931 284 1031 358 plures

17 372 263 432 enuntiationes
284 373 434 448 exprimit3
454 393 481 430 v.
497 391 525 446 g.
544 373 665 430 «Petrus
678 372 843 447 baptizatus
857 382 902 430 est
922 382 952 430 et
971 391 1032 430 cre·

17 462 128 520 didit»
157 473 205 520 est
225 461 390 537 propositio
412 461 578 536 composita
599 472 629 519 et
649 460 816 536 multiplex:
848 461 922 520 duas
950 461 1032 520 enim

17 549 264 609 enuntiationes
285 551 323 608 de
338 553 427 608 Petro
442 550 587 625 exprimit,
610 550 706 625 ipsum
724 548 838 609 scilicet
850 550 1032 626 baptizantm

18 659 97 698 esse
123 649 158 698 et
181 638 351 698 credidisse.
398 640 476 713 «Qui
503 638 666 698 crediderit
693 650 723 697 et
743 638 908 714 baptizatus
935 639 1030 710 fuerit,

23 730 136 788 salvus
160 728 235 787 erit»
259 738 304 787 est
323 728 490 804 propositio
512 727 679 803 composita
699 723 781 803 (quia
802 729 901 803 plures
924 745 1033 804 propo·

25 819 163 876 sitiones
186 814 347 891 continet),
369 817 423 876 sed
444 836 511 888 uns,
534 834 597 875 non
617 816 785 892 multiplex,
815 816 884 892 quia
911 817 950 876 de
971 835 1032 876 uno

27 907 178 966 subiecto
198 902 260 981 (qui
281 905 443 965 crediderit
456 917 487 964 et
499 905 666 982 baptizatus
680 901 778 980 fuerit)
792 924 883 964 unum
898 905 1033 966 enuntiat
1138 894 1143 905 ’

30 993 150 1073 (ipsum
173 997 287 1055 salvum
308 996 436 1054 futurum
457 989 542 1070 esse).

98 1087 170 1144 Iam
192 1103 265 1144 vero
287 1085 326 1143 de
346 1083 600 1160 propositionibus
620 1086 776 1161 compositis
795 1083 917 1143 dicturis
944 1084 1033 1144 nobis

33 1192 163 1250 semper
185 1174 396 1250 inquirendum
417 1173 481 1245 erit,
502 1184 600 1232 utrum
621 1173 678 1231 sint
699 1174 876 1249 multiplices
896 1172 982 1232 simul
1003 1184 1033 1232 et

35 1264 240 1340 compositae,
265 1283 302 1321 an
324 1263 509 1339 compositae
529 1273 652 1322 tanturn.
695 1264 802 1322 Omnis
822 1263 903 1322 enim
924 1281 1032 1339 propo-

37 1354 107 1412 sitio
131 1353 287 1429 multiplex
307 1363 352 1412 est
372 1351 553 1428 composita,
584 1352 638 1411 sed
665 1370 728 1410 non
749 1350 846 1410 omnis
867 1351 1032 1428 propositio

39 1443 214 1519 composita
235 1453 279 1500 est
299 1441 459 1516 multiplex.

44 1629 60 1695 ξ
77 1647 99 1682 r.
127 1635 171 1682 De
190 1631 435 1696 propositionibus
448 1631 617 1694 compositis
630 1645 664 1680 ex
677 1639 754 1694 parte
767 1633 873 1681 formae
887 1629 1032 1696 (copulse)

255 1712 316 1761 sive
336 1713 371 1760 de
388 1711 631 1774 propositionibus
650 1711 820 1762 modalibus.

107 1843 275 1921 Propositio
296 1845 416 1903 modalis
436 1864 472 1905 ea
492 1856 549 1915 est,
571 1843 602 1903 in
623 1864 684 1920 qua
703 1862 765 1903 non
786 1845 883 1904 solum
904 1864 1034 1923 pronun·

50 1936 134 1993 tiatur
155 1934 359 2010 praedicatum
381 1934 515 1993 subiecto
537 1933 699 2000 convenire
720 1935 766 1993 vel
784 1952 846 1994 non
861 1936 1032 2005 convenire,

53 2025 102 2082 sed
123 2024 213 2082 etiam
232 2024 398 2081 enuntiatur
417 2024 514 2082 modus
533 2043 588 2098 que
607 2026 734 2082 convenit
744 2024 793 2081 vel
807 2042 869 2081 non
883 2025 1033 2083 convenit.

109 2111 195 2171 Modi
216 2123 329 2183 autem,
358 2113 522 2171 secundum
544 2130 619 2187 quos
640 2112 810 2172 attributum
831 2113 966 2171 subiecto
993 2114 1035 2171 in·

56 2220 115 2260 esse
134 2203 182 2260 vel
203 2202 241 2259 ab
263 2220 300 2259 eo
322 2203 426 2260 abesse
446 2210 552 2277 potest,
576 2211 714 2276 quattuor
735 2212 954 2274 enumerantur,
982 2201 1035 2259 sci-

56 2291 133 2349 licet:
155 2291 364 2362 necessarium,
386 2290 579 2365 impossibile,
602 2290 787 2365 contingens,
809 2291 959 2367 possibile.

111 2390 243 2447 Pessibilc
263 2400 323 2460 est,
353 2390 436 2464 quod
463 2399 562 2464 potest
592 2404 672 2447 esse:
704 2389 822 2447 Petrum
850 2406 915 2448 esse
942 2388 1036 2465 philo·

59 2478 184 2553 sophum.

116 2576 283 2649 contingens
303 2586 356 2647 est,
378 2576 460 2652 quod
481 2586 580 2651 potest
600 2594 665 2635 esse
682 2583 709 2633 et
720 2586 820 2652 potest
833 2593 895 2634 non
909 2593 983 2645 esse,
1005 2585 1036 2633 ut

61 2668 169 2724 Petrum
189 2683 253 2723 esse
274 2674 437 2740 aegrotum.

109 2764 283 2911 dImpossibile
302 2774 361 2834 est,
384 2764 466 2839 quod
487 2782 550 2824 non
570 2773 669 2839 potest
690 2782 769 2835 esse,
798 2775 830 2822 ut
851 2766 949 2822 Deum
970 2782 1035 2822 esse

65 2872 108 2911 cru
128 2854 210 2911 elem.

115 2951 311 3009 Necessarium
332 2962 384 3022 est,
407 2950 490 3026 quod
511 2968 574 3008 non
596 2960 693 3025 potest
713 2968 775 3009 non
792 2968 867 3022 esse,
890 2961 922 3009 ut
936 2953 1035 3010 Deum

68 3056 121 3097 esse
140 3051 250 3098 rustum.

118 3139 193 3196 Hinc
214 3140 352 3212 quattuOr
373 3137 513 3211 distingui
535 3147 659 3211 possunt
680 3136 918 3210 propositionum
934 3136 1034 3193 moda-

34 3264 37 3319 ,
70 3228 128 3283 lium
147 3227 273 3302 specieS,
302 3224 457 3283 nimirum:
488 3224 673 3294 necessaria,
695 3222 899 3297 impossibilis,
922 3223 1035 3278 contin-

70 3334 138 3389 gens,
160 3313 312 3391 possibilis.
