2350 3700
377 136 416 172 nn
435 134 679 173 rurnnnncnnrm.
977 134 1025 186 ¹47

103 282 204 342 Medio
225 302 296 342 vero
317 302 406 355 aevo,
436 284 487 359 qui
509 284 642 341 realistae
665 285 834 356 exaggerati
852 282 1029 342 dicebantur

51 368 221 446 (Guillaume
241 373 278 431 de
301 374 494 449 Champeaux
515 383 545 431 et
567 372 685 431 Gilbert
705 372 744 431 de
764 375 794 430 la
811 375 920 432 Porree
936 367 1026 449 [sGil

50 462 139 519 bertus
152 456 381 537 Porretanustll,
398 463 563 521 docuerunt
579 462 721 521 essentias
735 480 833 541 rerum
847 462 1027 522 universales

48 558 76 606 ut
92 554 262 610 unmersales
283 552 422 611 exsistere
444 552 474 610 in
496 571 595 611 rerum
615 561 736 623 natura,
759 551 799 609 ita
819 561 851 610 ut
875 551 1028 611 individua

47 642 138 714 quoad
160 642 319 701 essentiam
334 642 393 699 sint
405 642 525 699 identica
538 651 569 700 et
583 658 645 699 non
660 640 717 699 nisi
732 641 937 700 accidentibus
952 642 1030 700 inter

47 749 74 787 se
93 730 241 791 differant.

102 821 160 878 Sed
182 822 259 880 haec
281 820 381 879 omnia
402 820 587 896 perabsurde
609 830 677 877 sunt
696 819 785 878 dicta.

99 910 288 969 Universalia
302 909 384 969 enim
397 909 455 981 illa,
478 918 560 968 extra
576 919 709 967 mentem
724 919 755 967 et
767 920 850 968 extra
864 928 911 968 res
932 908 1028 986 singn-

46 999 113 1057 lares
133 999 165 1057 in
187 1018 220 1059 se
241 1000 312 1076 ipsis
331 998 508 1070 exsistentia,
530 999 686 1057 involvunt
700 998 944 1074 repugnantiam:
967 999 1029 1057 uni·

46 1090 150 1147 versale
174 1090 257 1147 enim
278 1089 309 1147 id
330 1099 382 1160 est,
405 1089 487 1163 quod
508 1088 642 1164 pluribus
662 1098 692 1146 et
713 1087 834 1163 singulis
855 1087 931 1147 inest
943 1090 959 1146 ¹.

98 1179 191 1252 Quod
212 1178 238 1237 si
252 1178 384 1255 pluribus
405 1187 435 1236 et
448 1177 571 1253 singulis
585 1179 674 1236 rebus
688 1194 793 1236 revera
806 1188 838 1235 ut
852 1178 1029 1237 universalia

48 1266 133 1327 inesse
155 1268 311 1339 dicuntur,
338 1286 401 1326 non
422 1267 520 1325 minor
541 1266 666 1326 recurrit
685 1266 860 1327 absurditas.
891 1268 1026 1326 Etenim:

99 1359 156 1415 Vel
188 1357 221 1415 in
251 1357 384 1433 pluribus
413 1374 474 1415 una
503 1366 532 1415 et
562 1356 691 1415 indivisa
719 1357 796 1415 haec
825 1356 1028 1417 universalitas

48 1446 186 1505 essentiae
207 1446 304 1505 inesse
326 1448 510 1523 supponitur,
533 1458 563 1505 et
583 1457 654 1505 tunc
674 1464 780 1506 omnes
793 1448 930 1507 homines
951 1466 976 1507 e.
999 1467 1027 1523 g.

48 1553 100 1593 non
120 1546 191 1595 sunt
211 1536 268 1595 nisi
288 1554 363 1595 unus
384 1538 484 1596 hom0.

98 1626 156 1683 Vel
186 1625 217 1683 in
245 1625 377 1701 pluribus
405 1624 499 1683 divisa
521 1625 681 1702 reperitur,
710 1635 741 1683 et
767 1636 837 1683 tunc
861 1626 1027 1685 universale

50 1732 149 1771 sunum
174 1715 257 1790 quod
278 1714 409 1789 pluribus
424 1715 516 1773 inest»
541 1725 585 1773 est
599 1715 734 1786 divisum,
756 1715 774 1774 i.
790 1733 816 1774 e.
832 1714 917 1775 simul
931 1716 1027 1792 ipsum

47 1813 72 1861 et
91 1804 185 1863 aliud:
207 1804 291 1880 quod
312 1813 467 1881 repugnat.

100 1905 151 1962 IV.
184 1904 235 1961 De
262 1905 393 1962 realismo
414 1904 607 1962 moderatiore.
630 1934 670 1943 —
690 1904 865 1962 Aristoteles
886 1904 1026 1980 denique,

48 1993 182 2052 Albertus
203 1995 348 2068 Magnus,
378 1994 406 2052 S.
429 1995 653 2065 Bonaventura,
682 2001 741 2051 tota
769 1993 887 2063 Schola,
914 2013 1028 2053 commu·

48 2084 115 2138 niter
134 2082 306 2141 realismum
327 2083 559 2141 moderatiorem
580 2083 707 2158 professi
728 2093 803 2142 sunt.

101 2167 262 2231 Realistae¹
274 2171 305 2229 hi
326 2189 431 2230 omnes
452 2173 562 2247 duplex
583 2171 766 2246 distinguunt
785 2173 965 2231 universale:
988 2173 1029 2230 di·

49 2271 156 2320 rectum
178 2261 292 2320 scilicet
313 2271 343 2319 et
363 2261 505 2320 reflexum
517 2260 537 2319 ².

101 2351 281 2410 Universale
302 2351 435 2408 directum
456 2353 504 2409 vel
518 2352 731 2426 metaphysicum
753 2361 798 2409 est
817 2352 959 2426 quidditas
979 2353 1030 2410 ali·

48 2443 117 2498 aius
130 2443 177 2498 rei
189 2441 366 2498 considerata
380 2441 489 2515 quidem
502 2448 536 2497 at
548 2460 567 2498 a
576 2441 777 2498 conditionibus
789 2441 1031 2499 indmiduantibus

48 2530 195 2599 abstracta,
218 2550 275 2588 non
296 2537 388 2586 autem
410 2547 441 2588 ut
452 2530 587 2605 pluribus
607 2530 690 2588 rebus
710 2549 811 2588 revera
832 2533 988 2590 communis.

101 2620 253 2694 Reflexum
274 2637 345 2678 vero
366 2620 415 2678 vel
435 2621 552 2693 logicum
578 2631 623 2678 est
642 2619 792 2694 quidditas
813 2619 863 2677 illa
883 2621 1031 2679 abstracta

49 2718 74 2765 et
99 2707 233 2784 pluribus
261 2709 350 2768 rebus
380 2707 546 2767 communis
577 2709 753 2767 considerato
772 2725 804 2767 ut
821 2709 870 2767 vel
891 2727 1031 2781 quatenus

43 2799 171 2871 pluribus
191 2799 275 2856 rebus
287 2800 415 2857 convenit
433 2799 480 2857 vel
499 2799 661 2857 convenire
682 2809 789 2874 potest.
818 2798 868 2857 Sic
882 2799 1031 2875 quidditas

105 3009 115 3042 ¹
133 3010 315 3077 Repugnantia
334 3011 378 3060 illa
396 3011 487 3060 clarior
506 3011 640 3076 apparebit
658 3028 689 3060 ex
703 3011 742 3071 iis,
762 3027 827 3076 quae
839 3013 905 3061 circa
918 3023 1032 3062 naturam

50 3091 94 3141 Dei
112 3093 138 3140 in
158 3093 294 3142 theodicea
313 3092 403 3142 dicturi
422 3108 514 3141 sumus.
554 3093 686 3141 Sententia
711 3091 778 3140 enirn
802 3109 866 3157 quae
885 3093 960 3142 docet
978 3096 1032 3142 uni-

51 3173 150 3222 versalia
169 3181 272 3222 aetemo
292 3180 318 3221 et
335 3171 561 3238 incorruptibiliter
579 3173 698 3221 exsistere
711 3174 816 3237 propria
832 3175 977 3233 carnilevaria,
997 3175 1032 3224 lo·

52 3254 101 3315 giee
120 3254 218 3303 inducit
229 3253 422 3318 pantheismunz.

105 3331 115 3364 ²
135 3335 173 3384 Cf.
194 3352 218 3399 p.
241 3347 271 3382 21
294 3351 330 3399 sq.

826 3418 878 3466 ιο*
