2350 3700
286 167 445 204 APPENDIX1
466 168 505 203 DE
525 168 651 204 NOTIONE
672 168 806 204 PULCHRI.
987 167 1038 220 315

49 318 197 388 videntur,
219 316 270 374 hic
291 315 418 373 breviter
438 314 617 390 explicanda
638 315 812 389 suscipimus
826 316 875 373 via
893 315 1040 390 analytica

50 406 285 482 progrediendo.

234 599 255 634 1.
282 586 412 634 Elementa
430 585 572 634 maceraret
584 584 690 648 pulchri
706 586 860 649 reserrentur.

113 728 137 766 1.
161 707 255 781 Quod
275 708 431 783 pulchrum
452 706 567 779 dicitur,
589 706 681 766 debet
702 725 766 767 esse
788 708 949 784 perfeetum
970 727 1041 783 quo·

54 797 122 854 dam
143 798 247 869 modo,
270 796 288 854 i.
311 816 338 855 e.

110 881 139 960 a)
168 888 204 943 In
225 888 333 944 unitate
353 905 406 945 sua
425 887 559 963 perfecte
580 886 784 958 constitutum,
813 886 854 944 ita
881 896 912 944 ut
932 896 1040 961 partes,

51 974 73 1031 si
94 975 193 1033 unitas
213 985 258 1034 est
279 975 518 1051 compositionis,
546 976 648 1034 debite
669 976 727 1035 sint
747 974 991 1051 proportionatae
1013 986 1042 1033 et

52 1063 213 1139 dispositae
235 1064 274 1122 ad
295 1083 387 1122 unum
408 1065 480 1139 quid
501 1064 719 1123 efformandum
731 1067 746 1123 ¹.

109 1147 142 1227 b)
157 1154 297 1211 Bomrate
310 1172 362 1212 sua
375 1152 498 1229 physica
511 1154 560 1213 vel
574 1154 680 1211 morali
694 1153 878 1230 praeditum3
894 1172 941 1213 res
951 1152 1040 1224 enim,

16 1293 17 1304 ,
51 1242 165 1317 inqua
193 1242 307 1317 aliquid
334 1241 527 1318 perfectionis
547 1242 667 1301 debitae
689 1242 787 1314 deest,
815 1260 852 1301 eo
880 1243 945 1319 ipso
973 1242 1041 1317 quia

16 1351 17 1372 ¹
50 1350 160 1389 manca
183 1341 235 1403 est,
256 1351 319 1389 non
340 1332 474 1407 pulchra,
496 1331 550 1390 sed
570 1331 716 1390 difformis
737 1332 851 1391 dicitur.

110 1415 139 1495 c)
162 1422 261 1479 Immo
281 1439 344 1479 non
364 1438 552 1496 quacumque
573 1420 706 1479 bonitate
727 1421 850 1497 physica
870 1423 918 1480 vel
937 1420 1043 1480 morali

51 1510 161 1582 fruenS,
185 1509 239 1568 sed
260 1509 407 1569 nobiliore
435 1510 566 1584 quodam
587 1509 690 1586 gradu.
723 1512 779 1568 «Et
797 1528 866 1569 vere
882 1510 1004 1586 quidem
1018 1509 1042 1568 si

16 1653 17 1676 ,
52 1599 168 1673 aliquid
183 1598 331 1674 integrum
346 1609 422 1657 esset
435 1617 483 1657 res
497 1609 587 1674 atque
601 1599 776 1675 perfectum,
791 1599 906 1658 habens
920 1600 1041 1675 quidem

52 1706 136 1746 suam
159 1688 326 1760 essentiam,
349 1704 433 1747 suum
449 1688 580 1758 modum,
603 1706 687 1746 suum
702 1688 847 1759 ordinem,
869 1688 927 1747 vile
941 1699 1042 1745 tamen

53 1796 89 1835 ac
109 1776 275 1848 sordidum,
298 1777 337 1835 ad
352 1777 490 1835 ordinem
504 1776 671 1835 infimarum
685 1796 784 1836 rerum
798 1777 960 1854 pertinens,
981 1777 1043 1853 pul·

54 1867 159 1924 ebrum
185 1867 308 1925 minime
336 1867 492 1926 diceretur.
539 1867 659 1925 Etenim
686 1867 810 1943 pulchra
838 1869 876 1927 ab
905 1866 1043 1926 omnibus

54 1957 194 2015 dicunmr
215 1974 259 2028 ea,
282 1957 389 2032 quibus
408 1952 558 2032 perceptis
580 1956 666 2032 erigit
686 1975 718 2016 se
739 1957 855 2016 animus
875 1957 955 2015 circa
969 1956 1043 2032 ipsa,

54 2046 226 2120 gratulatur,
247 2044 444 2104 admiratione
465 2045 607 2120 suavique
629 2055 748 2122 stupore
770 2046 947 2105 affictum*

116 2154 143 2191 2.
172 2136 250 2206 Res,
280 2153 357 2210 quae
377 2135 502 2210 pulchra
523 2135 644 2207 dicitur,
671 2136 761 2194 debet
782 2153 847 2194 esse
868 2153 954 2204 vera,
976 2135 994 2194 i.
1017 2153 1042 2194 e.

52 2223 167 2282 habere
195 2223 286 2282 debet
311 2224 551 2282 conformitatem
578 2224 627 2283 vel
654 2224 954 2284 conformabilitatem
977 2242 1044 2282 cum

53 2314 191 2387 potentia
211 2313 428 2388 cognoscitiva‚
460 2323 491 2373 et
510 2315 589 2371 hanc
610 2331 672 2371 non
695 2313 959 2388 qualemcumque,
991 2314 1044 2373 sed

53 2402 230 2476 perfectam,
251 2403 342 2461 talem
362 2402 482 2474 scilicet,
505 2413 537 2460 ut
555 2405 616 2460 sine
635 2405 674 2472 oi,
689 2401 782 2476 facili
793 2410 821 2459 et
833 2403 989 2461 delectabili
1000 2403 1048 2462 vel

53 2491 180 2548 iucunda
199 2493 393 2567 perceptione,
423 2491 524 2549 animo
553 2501 705 2567 appareat.
748 2491 823 2549 Aliis
844 2492 957 2551 verbis:
987 2509 1042 2562 res,

55 2599 134 2654 quae
165 2579 273 2638 dicitur
306 2580 444 2655 pulchra,
479 2580 570 2639 debet
599 2581 710 2639 habere
746 2581 909 2638 cleritatem.
963 2579 1045 2638 Hinc

56 2801 105 2859 illa,
127 2816 159 2848 ex
178 2817 228 2865 qua
245 2817 285 2848 res
303 2817 399 2858 ornnes,
420 2801 564 2864 corporales
581 2809 607 2849 et
619 2801 768 2866 spirituales,
789 2802 926 2850 formaliter
939 2801 1046 2866 pulchra

55 2890 114 2929 sunt
133 2889 159 2929 et
178 2896 233 2928 esse
250 2881 383 2939 videntur,
408 2896 448 2929 res
470 2880 534 2929 haec
552 2890 591 2930 est
609 2897 715 2946 magnae
734 2881 896 2931 difficultatis.
934 2882 1044 2932 Pulchri·

56 2963 118 3009 tudo
137 2961 220 3019 enim,
247 2977 312 3025 quae
330 2969 368 3009 est
386 2960 463 3009 veluti
482 2977 576 3010 corona
595 2961 758 3026 perfectionis
777 2963 801 3010 in
821 2970 890 3021 ente,
918 2979 964 3011 sua
989 2962 1045 3010 sub-

55 3042 155 3102 tilitate,
176 3041 316 3102 nobilitate,
336 3041 497 3101 habitudine,
517 3043 669 3106 cognatione
689 3059 734 3091 sua
753 3058 810 3091 curn
829 3043 1001 3107 superioribus
1020 3041 1045 3089 in

55 3123 112 3172 altis
131 3123 257 3183 habitans,
278 3138 331 3170 non
349 3123 441 3186 cuique
458 3123 564 3171 intuenti
577 3139 604 3172 se
617 3123 727 3172 revelat»
745 3119 846 3187 (Lepidi
857 3123 873 3171 l.
888 3139 909 3171 c.
923 3123 956 3180 II,
973 3118 1044 3185 113).

120 3201 129 3231 ¹
151 3203 204 3250 «La
228 3202 319 3252 beante
345 3218 377 3250 ne
403 3203 513 3251 consiste
538 3218 588 3266 que
614 3203 676 3251 dans
704 3202 812 3262 l’ordre,
840 3219 861 3250 c.
888 3199 904 3250 ὲ
930 3202 953 3248 d.
984 3202 1047 3248 dans

55 3283 253 3347 l’arrangement
277 3290 303 3330 et
328 3283 353 3330 la
377 3283 541 3347 proportion»
565 3280 690 3344 (Bessuet,
718 3283 798 3329 Conn.
826 3281 857 3327 de
877 3280 943 3326 Dieu
962 3287 987 3326 et
1013 3279 1045 3324 de

55 3363 196 3422 soi-meme,
217 3381 238 3412 c.
262 3375 283 3420 1,
304 3359 321 3426 ξ
341 3359 375 3423 8).
484 3358 600 3424 ²Lepidi
616 3361 632 3409 l.
653 3377 674 3408 c.
694 3378 719 3422 p.
744 3371 799 3417 114.
