2350 3700
121 70 169 131 136
496 78 726 116 cnrrrnrouocm.

176 248 203 302 3.
227 228 412 287 Affectiones
433 228 497 285 illas
517 244 623 285 omnes
643 226 813 285 manifestat
832 236 864 284 ut
885 232 1011 283 nostras.
1041 225 1114 281 Pro
1146 281 1148 284 .

115 317 186 377 inde
207 317 304 394 ipsum
325 334 373 391 ega
394 315 594 393 apprehendit
614 316 669 374 sub
689 314 735 374 his
759 314 884 373 diversis
911 312 1113 373 modificatio
1146 293 1148 320 ¹

116 406 202 465 nibus
223 416 255 465 ut
275 404 387 482 aliquid
407 424 508 477 unum,
530 404 612 463 idem
633 423 752 481 semper
772 405 944 463 subsistens,
987 405 1039 461 De
1060 422 1114 460 na-
1146 411 1148 454 i

116 506 181 554 tura
202 512 274 554 vero
295 494 399 553 intima
419 494 504 552 huius
525 511 574 567 ega
595 493 668 552 nihil
688 493 769 552 dicit.

176 604 204 656 4.
226 586 318 643 Facta
338 593 441 642 nostra
461 583 554 643 refert
573 584 688 641 interna
707 582 838 657 quidem,
860 582 988 641 sednon
1003 582 1110 639 omma.
1146 609 1148 614 ·

116 672 316 750 Operatio'nes
343 672 424 731 enim
451 671 529 731 vitae
556 671 741 748 vegetativae
761 690 786 730 e.
808 690 837 747 g.
864 672 998 729 uitales
1025 672 1112 729 nullo

115 762 207 822 modo
228 762 435 840 apprehendit,
457 764 566 820 multae
586 772 742 837 praeterea
755 771 823 820 sunt
836 760 1016 820 affectiones
1030 762 1111 819 vitae

115 852 280 922 sensitivae,
303 870 377 928 quas
398 850 581 910 conscientia
602 869 665 909 non
686 868 805 926 semper
826 850 925 909 refert.
1047 836 1059 858 ⁶

176 958 202 1017 5.
225 942 317 999 Facta
338 940 468 1015 denique
486 940 577 999 refert
584 942 761 1017 praesentia,
782 958 846 998 non
860 948 961 997 autem
975 949 1110 1014 praeter·

114 1030 155 1089 ita
175 1032 223 1089 vel
244 1025 348 1088 futura.
381 1029 609 1105 Quotiesmique
623 1028 746 1105 prande
766 1030 931 1086 conscicntia
944 1029 1022 1085 circa
1040 1028 1112 1085 hacc

113 1120 217 1177 abiecta
231 1120 356 1195 propria
375 1126 518 1188 versatur,
546 1120 577 1177 in
605 1136 730 1176 errarem
744 1126 803 1193 per
825 1135 854 1175 si
881 1136 1037 1192 immquam
1063 1119 1108 1173 in·

113 1209 190 1266 ducit
209 1203 248 1283 (p.
275 1202 350 1282 133).

173 1298 310 1355 Rationes
330 1297 506 1370 deteguntur,
522 1304 645 1373 propter
663 1315 735 1371 quas
754 1314 839 1353 error
850 1296 926 1371 fieri
938 1303 1036 1371 potest
1046 1303 1106 1370 per

113 1388 243 1445 accidens.

175 1496 199 1533 1.
230 1474 396 1534 Periculum
418 1473 538 1533 errandi
558 1474 658 1545 adest,
681 1472 942 1550 quotiescumque,
964 1474 1023 1531 sola
1044 1492 1104 1531 can·

112 1566 241 1623 scientiae
261 1565 415 1622 testinnnio
435 1562 505 1635 nixi,
527 1563 567 1621 de
586 1574 691 1622 natura
704 1561 808 1621 intima
821 1564 869 1621 vel
883 1562 1001 1639 origine
1015 1563 1105 1621 affec·

112 1652 227 1711 tionum
247 1652 425 1725 iudicamuS,
453 1662 487 1710 ut
506 1652 628 1727 quando
649 1651 756 1728 aliquis
776 1652 928 1725 dolorem,
959 1670 1051 1727 quem
1073 1652 1104 1709 in

112 1752 236 1818 pectore
258 1741 354 1814 sentit,
377 1760 414 1801 ex
434 1740 625 1817 pulmonibus
645 1740 717 1799 oriri
736 1741 856 1801 iudicat.

176 1853 201 1891 2.
224 1830 420 1909 Frequentius
441 1842 543 1890 tamen
564 1831 729 1907 periculum
749 1830 870 1890 errandi
891 1830 984 1890 oritur
1003 1847 1042 1889 ex
1064 1832 1105 1888 in·
1146 1906 1147 1909 Ἴ

104 1923 195 1997 fluxa
223 1922 396 1998 phantasiae
430 1919 462 1978 in
497 1931 611 1979 motum
643 1920 735 1996 ipsius
769 1919 979 1979 conscientiae.
1022 1919 1106 1978 Fieri

113 2010 194 2070 enim
215 2021 327 2086 potest,
356 2019 387 2068 ut
407 2009 564 2085 phantasia
579 2019 637 2086 par
656 2028 685 2067 sc
710 2012 773 2085 nisa
799 2009 830 2067 in
859 2010 985 2069 cerebro
1015 2010 1106 2068 affec·
1146 2082 1147 2091 ἵ

112 2099 209 2158 tiones
231 2098 353 2169 excitet,
382 2118 459 2174 quae
481 2117 550 2157 cum
571 2097 779 2158 affectionibus
799 2099 928 2158 realibus
956 2094 985 2174 (a
1012 2099 1105 2157 rebus
1146 2168 1147 2173 η

113 2183 276 2265 productis)
297 2189 338 2245 ita
358 2186 555 2259 conveniunt,
577 2198 609 2246 ut
629 2198 734 2246 natura
755 2198 898 2246 concreta
918 2186 1105 2247 diversarum

113 2278 230 2337 illarum
250 2276 479 2353 impressionum
501 2276 538 2335 sit
558 2277 589 2334 in
611 2275 709 2336 multis
730 2276 846 2336 eadem.
888 2279 977 2345 Tunc
997 2295 1035 2334 ex
1061 2278 1105 2334 da·

107 2368 188 2442 fectu
209 2368 371 2426 attentionis
390 2365 557 2442 nisficientis
578 2384 661 2427 error
682 2366 814 2442 irrepere
834 2377 939 2442 potest.

173 2457 210 2514 In
231 2463 307 2514 stata
327 2463 421 2512 tamen
448 2457 574 2514 normali
596 2455 645 2514 hic
669 2473 753 2514 error
776 2455 863 2514 facile
886 2455 972 2513 vitari
995 2465 1104 2531 potest.

112 2547 197 2604 Licet
231 2545 311 2604 enim
346 2545 556 2621 impressiones
586 2545 681 2604 reales
711 2555 741 2604 et
767 2563 870 2603 earum
899 2555 1106 2620 repraesenta·
1146 2586 1147 2591 η

112 2636 209 2694 tiones
230 2635 288 2692 sint
309 2633 386 2692 inter
407 2652 438 2692 se
459 2635 570 2703 similes,
594 2634 786 2693 nihilominus
806 2635 936 2692 claritate
956 2645 988 2692 et
1007 2635 1105 2692 aaran·
1146 2642 1147 2649 ’

112 2725 219 2782 bilitate
239 2723 363 2782 multum
384 2722 537 2796 differunt,
559 2723 600 2782 ita
619 2734 651 2782 ut
671 2742 756 2782 mens
777 2722 935 2782 attendens
956 2723 1021 2782 sine
1042 2724 1105 2782 ullo
1146 2732 1147 2737 ’

113 2813 235 2889 negotio
257 2830 307 2871 eas
329 2811 509 2886 distinguere
531 2813 631 2887 possit.

176 2902 279 2961 «Licet
299 2900 435 2959 voluntas
456 2901 545 2958 etiam
567 2901 598 2958 in
619 2901 806 2976 phantasiam
827 2921 891 2960 non
911 2901 1023 2961 habeat
1053 2903 1104 2960 ab·

113 2992 239 3048 solutum
262 2989 427 3048 dominium
450 2999 479 3047 et
500 3007 590 3064 saepe
612 2990 677 3065 ipsa
703 2991 866 3049 reluctante
894 2991 1027 3050 oriantur
1055 2994 1105 3050 vel

113 3088 245 3134 remotae
266 3076 392 3133 redeant
411 3077 585 3151 phantasiae
606 3077 769 3152 imagines,
790 3079 984 3139 nihilominus
1006 3099 1104 3139 essen-

113 3163 189 3218 tialis
204 3170 248 3218 est
261 3162 429 3220 differentia
443 3165 518 3222 inter
532 3165 656 3223 realium
670 3167 863 3225 affectionum
873 3170 1104 3244 perceptionem

114 3258 144 3304 et
163 3246 336 3321 phantasiae
357 3253 644 3323 repraesentationes
665 3255 696 3311 in
718 3273 770 3326 eo,
800 3257 883 3330 quod
911 3257 942 3316 in
970 3258 1103 3335 priorem
