<?xml version="1.0" encoding="UTF-8"?>
<!DOCTYPE html PUBLIC "-//W3C//DTD XHTML 1.0 Transitional//EN"
    "http://www.w3.org/TR/xhtml1/DTD/xhtml1-transitional.dtd">
<html xmlns="http://www.w3.org/1999/xhtml" xml:lang="en" lang="en">
 <head>
  <title>
</title>
<meta http-equiv="Content-Type" content="text/html;charset=utf-8" />
  <meta name='ocr-system' content='tesseract 3.04.00' />
  <meta name='ocr-capabilities' content='ocr_page ocr_carea ocr_par ocr_line ocrx_word'/>
</head>
<body>
  <div class='ocr_page' id='page_1' title='image "./elementaphiloso00reingoog_0178.png"; bbox 0 0 2350 3700; ppageno 0'>
   <div class='ocr_carea' id='block_1_1' title="bbox 137 121 743 181">
    <p class='ocr_par' dir='ltr' id='par_1_1' title="bbox 137 121 743 181">
     <span class='ocr_line' id='line_1_1' title="bbox 137 121 743 181; baseline 0.005 -12"><span class='ocrx_word' id='word_1_1' title='bbox 137 121 186 181; x_wconf 81' lang='lat'>148</span> <span class='ocrx_word' id='word_1_2' title='bbox 514 134 743 173; x_wconf 77' lang='lat' dir='ltr'>cxmnnronoom.</span> 
     </span>
    </p>
   </div>
   <div class='ocr_carea' id='block_1_2' title="bbox 131 280 1158 897">
    <p class='ocr_par' dir='ltr' id='par_1_2' title="bbox 131 280 1158 897">
     <span class='ocr_line' id='line_1_2' title="bbox 132 280 1122 357; baseline 0.002 -18"><span class='ocrx_word' id='word_1_3' title='bbox 132 280 270 353; x_wconf 87' lang='lat' dir='ltr'>hominis,</span> <span class='ocrx_word' id='word_1_4' title='bbox 293 299 360 339; x_wconf 92' lang='lat' dir='ltr'>cum</span> <span class='ocrx_word' id='word_1_5' title='bbox 382 282 420 340; x_wconf 87' lang='lat' dir='ltr'>ab</span> <span class='ocrx_word' id='word_1_6' title='bbox 440 282 506 357; x_wconf 87' lang='lat' dir='ltr'>ipsa</span> <span class='ocrx_word' id='word_1_7' title='bbox 526 282 716 341; x_wconf 88' lang='lat' dir='ltr'>conditiones</span> <span class='ocrx_word' id='word_1_8' title='bbox 730 282 952 343; x_wconf 84' lang='lat' dir='ltr'>individuantes</span> <span class='ocrx_word' id='word_1_9' title='bbox 973 295 1046 343; x_wconf 90' lang='lat' dir='ltr'>sunt</span> <span class='ocrx_word' id='word_1_10' title='bbox 1064 284 1122 342; x_wconf 92' lang='lat' dir='ltr'>abs·</span> 
     </span>
     <span class='ocr_line' id='line_1_3' title="bbox 133 370 1122 447; baseline 0.003 -18"><span class='ocrx_word' id='word_1_11' title='bbox 133 381 254 442; x_wconf 81' lang='lat' dir='ltr'>tractae,</span> <span class='ocrx_word' id='word_1_12' title='bbox 277 370 443 430; x_wconf 87' lang='lat' dir='ltr'>universale</span> <span class='ocrx_word' id='word_1_13' title='bbox 464 371 611 430; x_wconf 89' lang='lat' dir='ltr'>directum</span> <span class='ocrx_word' id='word_1_14' title='bbox 632 382 684 443; x_wconf 89' lang='lat' dir='ltr'>est,</span> <span class='ocrx_word' id='word_1_15' title='bbox 706 372 822 447; x_wconf 89' lang='lat' dir='ltr'>quoties</span> <span class='ocrx_word' id='word_1_16' title='bbox 844 374 883 432; x_wconf 90' lang='lat' dir='ltr'>ad</span> <span class='ocrx_word' id='word_1_17' title='bbox 903 384 995 433; x_wconf 81' lang='lat' dir='ltr'>notas</span> <span class='ocrx_word' id='word_1_18' title='bbox 1010 384 1122 432; x_wconf 89' lang='lat' dir='ltr'>tantum</span> 
     </span>
     <span class='ocr_line' id='line_1_4' title="bbox 132 460 1123 536; baseline 0.001 -17"><span class='ocrx_word' id='word_1_19' title='bbox 132 461 264 532; x_wconf 90' lang='lat' dir='ltr'>attendo,</span> <span class='ocrx_word' id='word_1_20' title='bbox 286 460 393 535; x_wconf 92' lang='lat' dir='ltr'>quibus</span> <span class='ocrx_word' id='word_1_21' title='bbox 414 460 475 519; x_wconf 87' lang='lat' dir='ltr'>eius</span> <span class='ocrx_word' id='word_1_22' title='bbox 496 461 583 520; x_wconf 81' lang='lat' dir='ltr'>ideae</span> <span class='ocrx_word' id='word_1_23' title='bbox 606 461 834 536; x_wconf 87' lang='lat' dir='ltr'>comprehensio</span> <span class='ocrx_word' id='word_1_24' title='bbox 856 463 1066 536; x_wconf 76' lang='lat' dir='ltr'>constituitur3</span> <span class='ocrx_word' id='word_1_25' title='bbox 1094 465 1123 520; x_wconf 91' lang='lat' dir='ltr'>fit</span> 
     </span>
     <span class='ocr_line' id='line_1_5' title="bbox 133 549 1158 626; baseline 0.001 -17"><span class='ocrx_word' id='word_1_26' title='bbox 133 560 231 610; x_wconf 86' lang='lat' dir='ltr'>autem</span> <span class='ocrx_word' id='word_1_27' title='bbox 252 549 370 620; x_wconf 87' lang='lat' dir='ltr'>reflexa,</span> <span class='ocrx_word' id='word_1_28' title='bbox 392 550 444 609; x_wconf 91' lang='lat' dir='ltr'>ubi</span> <span class='ocrx_word' id='word_1_29' title='bbox 457 551 586 626; x_wconf 91' lang='lat' dir='ltr'>primum</span> <span class='ocrx_word' id='word_1_30' title='bbox 601 551 640 609; x_wconf 88' lang='lat' dir='ltr'>ad</span> <span class='ocrx_word' id='word_1_31' title='bbox 655 552 861 611; x_wconf 87' lang='lat' dir='ltr'>extensionem</span> <span class='ocrx_word' id='word_1_32' title='bbox 874 552 938 612; x_wconf 91' lang='lat' dir='ltr'>eius</span> <span class='ocrx_word' id='word_1_33' title='bbox 953 554 1121 623; x_wconf 89' lang='lat' dir='ltr'>attendens,</span> <span class='ocrx_word' id='word_1_34' title='bbox 1157 557 1158 560; x_wconf 75' lang='grc'>’</span> 
     </span>
     <span class='ocr_line' id='line_1_6' title="bbox 131 639 1121 718; baseline 0.002 -19"><span class='ocrx_word' id='word_1_35' title='bbox 131 640 219 699; x_wconf 92' lang='lat' dir='ltr'>video</span> <span class='ocrx_word' id='word_1_36' title='bbox 240 641 319 698; x_wconf 82' lang='lat' dir='ltr'>hanc</span> <span class='ocrx_word' id='word_1_37' title='bbox 346 639 501 699; x_wconf 91' lang='lat' dir='ltr'>notionem</span> <span class='ocrx_word' id='word_1_38' title='bbox 530 640 629 699; x_wconf 85' lang='lat' dir='ltr'>multis</span> <span class='ocrx_word' id='word_1_39' title='bbox 649 639 808 700; x_wconf 85' lang='lat' dir='ltr'>individuis</span> <span class='ocrx_word' id='word_1_40' title='bbox 837 642 1003 702; x_wconf 89' lang='lat' dir='ltr'>convenire</span> <span class='ocrx_word' id='word_1_41' title='bbox 1025 661 1121 718; x_wconf 87' lang='lat' dir='ltr'>posse.</span> 
     </span>
     <span class='ocr_line' id='line_1_7' title="bbox 193 729 1158 804; baseline -0.001 -15"><span class='ocrx_word' id='word_1_42' title='bbox 193 729 308 804; x_wconf 89' lang='lat' dir='ltr'>Quibus</span> <span class='ocrx_word' id='word_1_43' title='bbox 329 729 486 788; x_wconf 86' lang='lat' dir='ltr'>declaratis</span> <span class='ocrx_word' id='word_1_44' title='bbox 506 730 582 789; x_wconf 86' lang='lat' dir='ltr'>haec</span> <span class='ocrx_word' id='word_1_45' title='bbox 604 731 727 789; x_wconf 86' lang='lat' dir='ltr'>docent:</span> <span class='ocrx_word' id='word_1_46' title='bbox 1157 733 1158 742; x_wconf 75' lang='grc'>’</span> 
     </span>
     <span class='ocr_line' id='line_1_8' title="bbox 195 817 1158 897; baseline 0.001 -20"><span class='ocrx_word' id='word_1_47' title='bbox 195 840 218 879; x_wconf 92' lang='lat'>1.</span> <span class='ocrx_word' id='word_1_48' title='bbox 243 817 419 879; x_wconf 85' lang='lat' dir='ltr'>Universale</span> <span class='ocrx_word' id='word_1_49' title='bbox 439 820 589 889; x_wconf 81' lang='lat' dir='ltr'>directum,</span> <span class='ocrx_word' id='word_1_50' title='bbox 615 820 716 894; x_wconf 84' lang='lat' dir='ltr'>quoad</span> <span class='ocrx_word' id='word_1_51' title='bbox 736 829 872 878; x_wconf 87' lang='lat' dir='ltr'>naturam</span> <span class='ocrx_word' id='word_1_52' title='bbox 893 820 957 880; x_wconf 86' lang='lat' dir='ltr'>sive</span> <span class='ocrx_word' id='word_1_53' title='bbox 976 822 1081 897; x_wconf 80' lang='lat' dir='ltr'>quoad</span> <span class='ocrx_word' id='word_1_54' title='bbox 1095 823 1126 879; x_wconf 84' lang='lat' dir='ltr'>id</span> <span class='ocrx_word' id='word_1_55' title='bbox 1157 819 1158 824; x_wconf 72' lang='grc'>’</span> 
     </span>
    </p>
   </div>
   <div class='ocr_carea' id='block_1_3' title="bbox 128 908 1159 3391">
    <p class='ocr_par' dir='ltr' id='par_1_3' title="bbox 130 908 1123 1163">
     <span class='ocr_line' id='line_1_9' title="bbox 130 908 1123 985; baseline -0.001 -16"><span class='ocrx_word' id='word_1_56' title='bbox 130 910 208 985; x_wconf 81' lang='lat' dir='ltr'>quod</span> <span class='ocrx_word' id='word_1_57' title='bbox 225 910 386 985; x_wconf 64' lang='lat' dir='ltr'>concipitur,</span> <span class='ocrx_word' id='word_1_58' title='bbox 407 908 439 966; x_wconf 93' lang='lat' dir='ltr'>in</span> <span class='ocrx_word' id='word_1_59' title='bbox 459 908 530 983; x_wconf 91' lang='lat' dir='ltr'>ipsis</span> <span class='ocrx_word' id='word_1_60' title='bbox 550 910 639 968; x_wconf 90' lang='lat' dir='ltr'>rebus</span> <span class='ocrx_word' id='word_1_61' title='bbox 659 908 787 983; x_wconf 78' lang='lat' dir='ltr'>exsistit3</span> <span class='ocrx_word' id='word_1_62' title='bbox 807 928 870 968; x_wconf 91' lang='lat' dir='ltr'>non</span> <span class='ocrx_word' id='word_1_63' title='bbox 891 920 992 970; x_wconf 83' lang='lat' dir='ltr'>autem</span> <span class='ocrx_word' id='word_1_64' title='bbox 1009 910 1123 971; x_wconf 84' lang='lat' dir='ltr'>exsistit</span> 
     </span>
     <span class='ocr_line' id='line_1_10' title="bbox 130 996 1123 1076; baseline 0.004 -21"><span class='ocrx_word' id='word_1_65' title='bbox 130 998 162 1056; x_wconf 91' lang='lat' dir='ltr'>in</span> <span class='ocrx_word' id='word_1_66' title='bbox 186 996 258 1073; x_wconf 92' lang='lat' dir='ltr'>ipsis</span> <span class='ocrx_word' id='word_1_67' title='bbox 285 998 386 1073; x_wconf 88' lang='lat' dir='ltr'>quoad</span> <span class='ocrx_word' id='word_1_68' title='bbox 413 1004 533 1067; x_wconf 84' lang='lat' dir='ltr'>statum,</span> <span class='ocrx_word' id='word_1_69' title='bbox 561 997 594 1055; x_wconf 90' lang='lat' dir='ltr'>id</span> <span class='ocrx_word' id='word_1_70' title='bbox 621 1007 665 1057; x_wconf 92' lang='lat' dir='ltr'>est</span> <span class='ocrx_word' id='word_1_71' title='bbox 692 998 793 1073; x_wconf 89' lang='lat' dir='ltr'>quoad</span> <span class='ocrx_word' id='word_1_72' title='bbox 814 999 938 1058; x_wconf 89' lang='lat' dir='ltr'>modurn</span> <span class='ocrx_word' id='word_1_73' title='bbox 967 1018 1030 1076; x_wconf 92' lang='lat' dir='ltr'>quo</span> <span class='ocrx_word' id='word_1_74' title='bbox 1053 1018 1123 1059; x_wconf 89' lang='lat' dir='ltr'>cou-</span> 
     </span>
     <span class='ocr_line' id='line_1_11' title="bbox 130 1086 807 1163; baseline 0 -17"><span class='ocrx_word' id='word_1_75' title='bbox 130 1086 245 1163; x_wconf 86' lang='lat' dir='ltr'>cipitur,</span> <span class='ocrx_word' id='word_1_76' title='bbox 266 1105 367 1163; x_wconf 91' lang='lat' dir='ltr'>neque</span> <span class='ocrx_word' id='word_1_77' title='bbox 388 1087 559 1157; x_wconf 87' lang='lat' dir='ltr'>formaliter,</span> <span class='ocrx_word' id='word_1_78' title='bbox 580 1097 613 1146; x_wconf 93' lang='lat' dir='ltr'>ut</span> <span class='ocrx_word' id='word_1_79' title='bbox 632 1086 807 1147; x_wconf 86' lang='lat' dir='ltr'>universale.</span> 
     </span>
    </p>

    <p class='ocr_par' dir='ltr' id='par_1_4' title="bbox 130 1176 1122 1611">
     <span class='ocr_line' id='line_1_12' title="bbox 193 1176 1122 1251; baseline 0.001 -15"><span class='ocrx_word' id='word_1_80' title='bbox 193 1198 219 1236; x_wconf 87' lang='lat'>2.</span> <span class='ocrx_word' id='word_1_81' title='bbox 241 1176 418 1237; x_wconf 84' lang='lat' dir='ltr'>Universale</span> <span class='ocrx_word' id='word_1_82' title='bbox 438 1178 576 1251; x_wconf 82' lang='lat' dir='ltr'>reflexum</span> <span class='ocrx_word' id='word_1_83' title='bbox 597 1187 629 1236; x_wconf 92' lang='lat' dir='ltr'>ut</span> <span class='ocrx_word' id='word_1_84' title='bbox 648 1177 716 1248; x_wconf 87' lang='lat' dir='ltr'>tale,</span> <span class='ocrx_word' id='word_1_85' title='bbox 737 1177 756 1235; x_wconf 93' lang='lat' dir='ltr'>i.</span> <span class='ocrx_word' id='word_1_86' title='bbox 772 1195 798 1235; x_wconf 88' lang='lat' dir='ltr'>e.</span> <span class='ocrx_word' id='word_1_87' title='bbox 820 1177 986 1238; x_wconf 77' lang='lat' dir='ltr'>formaliter</span> <span class='ocrx_word' id='word_1_88' title='bbox 1005 1191 1040 1239; x_wconf 93' lang='lat' dir='ltr'>ut</span> <span class='ocrx_word' id='word_1_89' title='bbox 1060 1180 1122 1237; x_wconf 90' lang='lat' dir='ltr'>uni·</span> 
     </span>
     <span class='ocr_line' id='line_1_13' title="bbox 131 1267 1120 1344; baseline 0.002 -19"><span class='ocrx_word' id='word_1_90' title='bbox 131 1267 245 1325; x_wconf 84' lang='lat' dir='ltr'>versale</span> <span class='ocrx_word' id='word_1_91' title='bbox 260 1276 289 1325; x_wconf 94' lang='lat' dir='ltr'>et</span> <span class='ocrx_word' id='word_1_92' title='bbox 303 1276 334 1325; x_wconf 91' lang='lat' dir='ltr'>ut</span> <span class='ocrx_word' id='word_1_93' title='bbox 348 1267 499 1338; x_wconf 88' lang='lat' dir='ltr'>reflexum,</span> <span class='ocrx_word' id='word_1_94' title='bbox 521 1267 557 1323; x_wconf 86' lang='lat' dir='ltr'>ab</span> <span class='ocrx_word' id='word_1_95' title='bbox 570 1267 709 1325; x_wconf 81' lang='lat' dir='ltr'>intellectu</span> <span class='ocrx_word' id='word_1_96' title='bbox 723 1268 910 1337; x_wconf 79' lang='lat' dir='ltr'>constituitur,</span> <span class='ocrx_word' id='word_1_97' title='bbox 932 1287 993 1327; x_wconf 78' lang='lat' dir='ltr'>mm</span> <span class='ocrx_word' id='word_1_98' title='bbox 1006 1269 1120 1344; x_wconf 80' lang='lat' dir='ltr'>fundo·</span> 
     </span>
     <span class='ocr_line' id='line_1_14' title="bbox 130 1355 1120 1433; baseline 0.004 -19"><span class='ocrx_word' id='word_1_99' title='bbox 130 1363 222 1415; x_wconf 85' lang='lat' dir='ltr'>mento</span> <span class='ocrx_word' id='word_1_100' title='bbox 240 1357 378 1415; x_wconf 78' lang='lat' dir='ltr'>tamenin</span> <span class='ocrx_word' id='word_1_101' title='bbox 393 1374 433 1425; x_wconf 80' lang='lat' dir='ltr'>rc,</span> <span class='ocrx_word' id='word_1_102' title='bbox 449 1356 467 1415; x_wconf 92' lang='lat' dir='ltr'>i.</span> <span class='ocrx_word' id='word_1_103' title='bbox 483 1374 508 1415; x_wconf 93' lang='lat' dir='ltr'>e.</span> <span class='ocrx_word' id='word_1_104' title='bbox 524 1375 587 1415; x_wconf 90' lang='lat' dir='ltr'>nou</span> <span class='ocrx_word' id='word_1_105' title='bbox 601 1355 759 1415; x_wconf 88' lang='lat' dir='ltr'>arbitrario</span> <span class='ocrx_word' id='word_1_106' title='bbox 773 1357 821 1415; x_wconf 87' lang='lat' dir='ltr'>vel</span> <span class='ocrx_word' id='word_1_107' title='bbox 834 1368 961 1433; x_wconf 92' lang='lat' dir='ltr'>propter</span> <span class='ocrx_word' id='word_1_108' title='bbox 974 1358 1120 1418; x_wconf 88' lang='lat' dir='ltr'>rationem</span> 
     </span>
     <span class='ocr_line' id='line_1_15' title="bbox 131 1445 1121 1522; baseline 0.001 -18"><span class='ocrx_word' id='word_1_109' title='bbox 131 1447 170 1504; x_wconf 88' lang='lat' dir='ltr'>ab</span> <span class='ocrx_word' id='word_1_110' title='bbox 191 1445 342 1505; x_wconf 88' lang='lat' dir='ltr'>intellectu</span> <span class='ocrx_word' id='word_1_111' title='bbox 364 1447 428 1505; x_wconf 94' lang='lat' dir='ltr'>solo</span> <span class='ocrx_word' id='word_1_112' title='bbox 449 1445 686 1522; x_wconf 87' lang='lat' dir='ltr'>provenientem,</span> <span class='ocrx_word' id='word_1_113' title='bbox 709 1445 762 1505; x_wconf 91' lang='lat' dir='ltr'>sed</span> <span class='ocrx_word' id='word_1_114' title='bbox 777 1456 901 1522; x_wconf 90' lang='lat' dir='ltr'>propter</span> <span class='ocrx_word' id='word_1_115' title='bbox 914 1449 1065 1508; x_wconf 87' lang='lat' dir='ltr'>rationem</span> <span class='ocrx_word' id='word_1_116' title='bbox 1085 1466 1121 1507; x_wconf 89' lang='lat' dir='ltr'>ex</span> 
     </span>
     <span class='ocr_line' id='line_1_16' title="bbox 132 1534 527 1611; baseline 0 -19"><span class='ocrx_word' id='word_1_117' title='bbox 132 1534 202 1610; x_wconf 89' lang='lat' dir='ltr'>ipsis</span> <span class='ocrx_word' id='word_1_118' title='bbox 223 1536 311 1594; x_wconf 89' lang='lat' dir='ltr'>rebus</span> <span class='ocrx_word' id='word_1_119' title='bbox 331 1534 527 1611; x_wconf 83' lang='lat' dir='ltr'>desumptam.</span> 
     </span>
    </p>

    <p class='ocr_par' dir='ltr' id='par_1_5' title="bbox 131 1624 1121 1866">
     <span class='ocr_line' id='line_1_17' title="bbox 191 1624 1121 1685; baseline 0 -2"><span class='ocrx_word' id='word_1_120' title='bbox 191 1624 281 1684; x_wconf 87' lang='lat' dir='ltr'>Cuius</span> <span class='ocrx_word' id='word_1_121' title='bbox 310 1624 465 1684; x_wconf 87' lang='lat' dir='ltr'>doctrinae</span> <span class='ocrx_word' id='word_1_122' title='bbox 495 1626 603 1685; x_wconf 84' lang='lat' dir='ltr'>veritas</span> <span class='ocrx_word' id='word_1_123' title='bbox 633 1625 692 1684; x_wconf 85' lang='lat' dir='ltr'>iam</span> <span class='ocrx_word' id='word_1_124' title='bbox 722 1627 820 1685; x_wconf 89' lang='lat' dir='ltr'>elucet</span> <span class='ocrx_word' id='word_1_125' title='bbox 848 1643 885 1685; x_wconf 88' lang='lat' dir='ltr'>ex</span> <span class='ocrx_word' id='word_1_126' title='bbox 916 1625 1004 1684; x_wconf 87' lang='lat' dir='ltr'>dictis</span> <span class='ocrx_word' id='word_1_127' title='bbox 1040 1624 1121 1684; x_wconf 89' lang='lat' dir='ltr'>circa</span> 
     </span>
     <span class='ocr_line' id='line_1_18' title="bbox 131 1714 1119 1792; baseline -0.001 -19"><span class='ocrx_word' id='word_1_128' title='bbox 131 1715 288 1774; x_wconf 81' lang='lat' dir='ltr'>falsitatem</span> <span class='ocrx_word' id='word_1_129' title='bbox 318 1714 530 1773; x_wconf 86' lang='lat' dir='ltr'>sententiarum</span> <span class='ocrx_word' id='word_1_130' title='bbox 561 1714 782 1791; x_wconf 75' lang='lat' dir='ltr'>oppositarum3</span> <span class='ocrx_word' id='word_1_131' title='bbox 811 1734 866 1792; x_wconf 92' lang='lat' dir='ltr'>per</span> <span class='ocrx_word' id='word_1_132' title='bbox 893 1726 994 1791; x_wconf 83' lang='lat' dir='ltr'>partes</span> <span class='ocrx_word' id='word_1_133' title='bbox 1020 1724 1119 1774; x_wconf 83' lang='lat' dir='ltr'>autem</span> 
     </span>
     <span class='ocr_line' id='line_1_19' title="bbox 131 1803 373 1866; baseline -0.008 -1"><span class='ocrx_word' id='word_1_134' title='bbox 131 1804 173 1865; x_wconf 90' lang='lat' dir='ltr'>sic</span> <span class='ocrx_word' id='word_1_135' title='bbox 194 1803 373 1866; x_wconf 85' lang='lat' dir='ltr'>ostenditur:</span> 
     </span>
    </p>

    <p class='ocr_par' dir='ltr' id='par_1_6' title="bbox 129 1894 1159 2581">
     <span class='ocr_line' id='line_1_20' title="bbox 172 1894 1159 1970; baseline 0 -18"><span class='ocrx_word' id='word_1_136' title='bbox 172 1917 174 1922; x_wconf 57' lang='lat'><strong><em>¹</em></strong></span> <span class='ocrx_word' id='word_1_137' title='bbox 195 1915 218 1954; x_wconf 93' lang='lat'>1.</span> <span class='ocrx_word' id='word_1_138' title='bbox 241 1894 418 1955; x_wconf 86' lang='lat' dir='ltr'>Universale</span> <span class='ocrx_word' id='word_1_139' title='bbox 433 1894 578 1953; x_wconf 90' lang='lat' dir='ltr'>directum</span> <span class='ocrx_word' id='word_1_140' title='bbox 592 1895 691 1970; x_wconf 81' lang='lat' dir='ltr'>quoad</span> <span class='ocrx_word' id='word_1_141' title='bbox 700 1903 837 1954; x_wconf 83' lang='lat' dir='ltr'>naturam</span> <span class='ocrx_word' id='word_1_142' title='bbox 851 1895 882 1953; x_wconf 88' lang='lat' dir='ltr'>in</span> <span class='ocrx_word' id='word_1_143' title='bbox 896 1897 986 1954; x_wconf 87' lang='lat' dir='ltr'>rebus</span> <span class='ocrx_word' id='word_1_144' title='bbox 1000 1894 1118 1954; x_wconf 85' lang='lat' dir='ltr'>exsistit.</span> <span class='ocrx_word' id='word_1_145' title='bbox 1158 1896 1159 1947; x_wconf 69' lang='grc' dir='ltr'>ἒ</span> 
     </span>
     <span class='ocr_line' id='line_1_21' title="bbox 132 1978 1159 2060; baseline -0.001 -17"><span class='ocrx_word' id='word_1_146' title='bbox 132 1984 386 2060; x_wconf 89' lang='lat' dir='ltr'>Quotiescumque</span> <span class='ocrx_word' id='word_1_147' title='bbox 408 1984 488 2044; x_wconf 90' lang='lat' dir='ltr'>enim</span> <span class='ocrx_word' id='word_1_148' title='bbox 507 1983 576 2043; x_wconf 87' lang='lat' dir='ltr'>idea</span> <span class='ocrx_word' id='word_1_149' title='bbox 597 1984 769 2043; x_wconf 87' lang='lat' dir='ltr'>universalis</span> <span class='ocrx_word' id='word_1_150' title='bbox 782 1984 815 2042; x_wconf 93' lang='lat' dir='ltr'>in</span> <span class='ocrx_word' id='word_1_151' title='bbox 834 1984 922 2044; x_wconf 92' lang='lat' dir='ltr'>nobis</span> <span class='ocrx_word' id='word_1_152' title='bbox 937 1986 1119 2054; x_wconf 87' lang='lat' dir='ltr'>efformatur,</span> <span class='ocrx_word' id='word_1_153' title='bbox 1158 1978 1159 1981; x_wconf 63' lang='grc'>’</span> 
     </span>
     <span class='ocr_line' id='line_1_22' title="bbox 131 2073 1159 2153; baseline -0.002 -20"><span class='ocrx_word' id='word_1_154' title='bbox 131 2073 284 2133; x_wconf 91' lang='lat' dir='ltr'>evidenter</span> <span class='ocrx_word' id='word_1_155' title='bbox 305 2073 474 2150; x_wconf 87' lang='lat' dir='ltr'>experimur</span> <span class='ocrx_word' id='word_1_156' title='bbox 492 2073 797 2149; x_wconf 86' lang='lat' dir='ltr'>repraesentationem</span> <span class='ocrx_word' id='word_1_157' title='bbox 816 2074 990 2133; x_wconf 88' lang='lat' dir='ltr'>universalis</span> <span class='ocrx_word' id='word_1_158' title='bbox 1004 2073 1118 2144; x_wconf 87' lang='lat' dir='ltr'>directi,</span> <span class='ocrx_word' id='word_1_159' title='bbox 1158 2146 1159 2153; x_wconf 8' lang='grc' dir='ltr'>ἵ</span> 
     </span>
     <span class='ocr_line' id='line_1_23' title="bbox 129 2162 1159 2240; baseline -0.002 -19"><span class='ocrx_word' id='word_1_160' title='bbox 129 2163 227 2238; x_wconf 81' lang='lat' dir='ltr'>quoad</span> <span class='ocrx_word' id='word_1_161' title='bbox 243 2170 379 2221; x_wconf 83' lang='lat' dir='ltr'>naturam</span> <span class='ocrx_word' id='word_1_162' title='bbox 401 2163 534 2239; x_wconf 85' lang='lat' dir='ltr'>spectati,</span> <span class='ocrx_word' id='word_1_163' title='bbox 556 2163 621 2222; x_wconf 87' lang='lat' dir='ltr'>fieri</span> <span class='ocrx_word' id='word_1_164' title='bbox 641 2162 672 2220; x_wconf 93' lang='lat' dir='ltr'>in</span> <span class='ocrx_word' id='word_1_165' title='bbox 686 2163 782 2236; x_wconf 90' lang='lat' dir='ltr'>nobis,</span> <span class='ocrx_word' id='word_1_166' title='bbox 804 2183 868 2222; x_wconf 91' lang='lat' dir='ltr'>non</span> <span class='ocrx_word' id='word_1_167' title='bbox 882 2174 1007 2240; x_wconf 91' lang='lat' dir='ltr'>propter</span> <span class='ocrx_word' id='word_1_168' title='bbox 1020 2163 1119 2222; x_wconf 87' lang='lat' dir='ltr'>activi·</span> <span class='ocrx_word' id='word_1_169' title='bbox 1158 2184 1159 2199; x_wconf 56' lang='lat'>¹</span> 
     </span>
     <span class='ocr_line' id='line_1_24' title="bbox 130 2252 1119 2329; baseline -0.002 -17"><span class='ocrx_word' id='word_1_170' title='bbox 130 2263 221 2312; x_wconf 86' lang='lat' dir='ltr'>tatem</span> <span class='ocrx_word' id='word_1_171' title='bbox 241 2252 348 2312; x_wconf 90' lang='lat' dir='ltr'>mentis</span> <span class='ocrx_word' id='word_1_172' title='bbox 377 2252 488 2311; x_wconf 85' lang='lat' dir='ltr'>formas</span> <span class='ocrx_word' id='word_1_173' title='bbox 515 2270 552 2311; x_wconf 90' lang='lat' dir='ltr'>ex</span> <span class='ocrx_word' id='word_1_174' title='bbox 579 2271 612 2311; x_wconf 92' lang='lat' dir='ltr'>se</span> <span class='ocrx_word' id='word_1_175' title='bbox 633 2252 698 2329; x_wconf 85' lang='lat' dir='ltr'>ipsa</span> <span class='ocrx_word' id='word_1_176' title='bbox 719 2253 804 2329; x_wconf 86' lang='lat' dir='ltr'>quasi</span> <span class='ocrx_word' id='word_1_177' title='bbox 827 2252 1036 2329; x_wconf 77' lang='lat' dir='ltr'>producentiS,</span> <span class='ocrx_word' id='word_1_178' title='bbox 1066 2252 1119 2312; x_wconf 93' lang='lat' dir='ltr'>sed</span> 
     </span>
     <span class='ocr_line' id='line_1_25' title="bbox 129 2341 1120 2419; baseline -0.003 -17"><span class='ocrx_word' id='word_1_179' title='bbox 129 2361 185 2418; x_wconf 90' lang='lat' dir='ltr'>per</span> <span class='ocrx_word' id='word_1_180' title='bbox 198 2342 320 2402; x_wconf 92' lang='lat' dir='ltr'>modum</span> <span class='ocrx_word' id='word_1_181' title='bbox 335 2343 524 2418; x_wconf 58' lang='lat' dir='ltr'>impressione</span> <span class='ocrx_word' id='word_1_182' title='bbox 537 2341 702 2416; x_wconf 78' lang='lat' dir='ltr'>forinsecus</span> <span class='ocrx_word' id='word_1_183' title='bbox 714 2351 848 2419; x_wconf 79' lang='lat' dir='ltr'>acceptae,</span> <span class='ocrx_word' id='word_1_184' title='bbox 870 2362 888 2401; x_wconf 89' lang='lat' dir='ltr'>a</span> <span class='ocrx_word' id='word_1_185' title='bbox 902 2344 992 2403; x_wconf 90' lang='lat' dir='ltr'>rebus</span> <span class='ocrx_word' id='word_1_186' title='bbox 1006 2342 1120 2402; x_wconf 88' lang='lat' dir='ltr'>scilicet</span> 
     </span>
     <span class='ocr_line' id='line_1_26' title="bbox 130 2431 1159 2508; baseline 0.001 -18"><span class='ocrx_word' id='word_1_187' title='bbox 130 2441 213 2491; x_wconf 85' lang='lat' dir='ltr'>extra</span> <span class='ocrx_word' id='word_1_188' title='bbox 236 2449 293 2490; x_wconf 92' lang='lat' dir='ltr'>nos</span> <span class='ocrx_word' id='word_1_189' title='bbox 321 2431 535 2490; x_wconf 90' lang='lat' dir='ltr'>exsistentibus.</span> <span class='ocrx_word' id='word_1_190' title='bbox 578 2433 632 2490; x_wconf 90' lang='lat' dir='ltr'>Est</span> <span class='ocrx_word' id='word_1_191' title='bbox 652 2431 779 2508; x_wconf 89' lang='lat' dir='ltr'>proinde</span> <span class='ocrx_word' id='word_1_192' title='bbox 803 2431 970 2491; x_wconf 87' lang='lat' dir='ltr'>universale</span> <span class='ocrx_word' id='word_1_193' title='bbox 992 2431 1066 2490; x_wconf 88' lang='lat' dir='ltr'>illud</span> <span class='ocrx_word' id='word_1_194' title='bbox 1089 2432 1119 2490; x_wconf 92' lang='lat' dir='ltr'>in</span> <span class='ocrx_word' id='word_1_195' title='bbox 1158 2432 1159 2491; x_wconf 78' lang='lat' dir='ltr'>i</span> 
     </span>
     <span class='ocr_line' id='line_1_27' title="bbox 130 2514 1159 2581; baseline 0 -2"><span class='ocrx_word' id='word_1_196' title='bbox 130 2522 226 2581; x_wconf 91' lang='lat' dir='ltr'>rebus.</span> <span class='ocrx_word' id='word_1_197' title='bbox 1158 2514 1159 2523; x_wconf 40' lang='lat'>¹</span> 
     </span>
    </p>

    <p class='ocr_par' dir='ltr' id='par_1_7' title="bbox 128 2609 1159 3391">
     <span class='ocr_line' id='line_1_28' title="bbox 191 2609 1159 2685; baseline -0.001 -17"><span class='ocrx_word' id='word_1_198' title='bbox 191 2632 217 2670; x_wconf 86' lang='lat'>2.</span> <span class='ocrx_word' id='word_1_199' title='bbox 240 2609 347 2685; x_wconf 90' lang='lat' dir='ltr'>Neque</span> <span class='ocrx_word' id='word_1_200' title='bbox 368 2620 469 2670; x_wconf 81' lang='lat' dir='ltr'>tamen</span> <span class='ocrx_word' id='word_1_201' title='bbox 489 2609 656 2669; x_wconf 88' lang='lat' dir='ltr'>universale</span> <span class='ocrx_word' id='word_1_202' title='bbox 677 2611 822 2670; x_wconf 90' lang='lat' dir='ltr'>directum</span> <span class='ocrx_word' id='word_1_203' title='bbox 842 2610 875 2669; x_wconf 91' lang='lat' dir='ltr'>in</span> <span class='ocrx_word' id='word_1_204' title='bbox 895 2611 984 2670; x_wconf 90' lang='lat' dir='ltr'>rebus</span> <span class='ocrx_word' id='word_1_205' title='bbox 1008 2609 1122 2669; x_wconf 89' lang='lat' dir='ltr'>exsistit</span> <span class='ocrx_word' id='word_1_206' title='bbox 1158 2614 1159 2617; x_wconf 76' lang='grc'>’</span> 
     </span>
     <span class='ocr_line' id='line_1_29' title="bbox 129 2699 1119 2775; baseline -0.001 -17"><span class='ocrx_word' id='word_1_207' title='bbox 129 2700 226 2775; x_wconf 82' lang='lat' dir='ltr'>quoad</span> <span class='ocrx_word' id='word_1_208' title='bbox 241 2706 354 2769; x_wconf 82' lang='lat' dir='ltr'>statum,</span> <span class='ocrx_word' id='word_1_209' title='bbox 376 2700 394 2759; x_wconf 91' lang='lat' dir='ltr'>i.</span> <span class='ocrx_word' id='word_1_210' title='bbox 410 2718 436 2758; x_wconf 91' lang='lat' dir='ltr'>e.</span> <span class='ocrx_word' id='word_1_211' title='bbox 458 2719 521 2758; x_wconf 92' lang='lat' dir='ltr'>non</span> <span class='ocrx_word' id='word_1_212' title='bbox 536 2701 646 2759; x_wconf 89' lang='lat' dir='ltr'>eodem</span> <span class='ocrx_word' id='word_1_213' title='bbox 660 2700 751 2759; x_wconf 92' lang='lat' dir='ltr'>modo</span> <span class='ocrx_word' id='word_1_214' title='bbox 766 2699 877 2759; x_wconf 89' lang='lat' dir='ltr'>exsistit</span> <span class='ocrx_word' id='word_1_215' title='bbox 889 2701 921 2758; x_wconf 93' lang='lat' dir='ltr'>in</span> <span class='ocrx_word' id='word_1_216' title='bbox 935 2700 1035 2770; x_wconf 91' lang='lat' dir='ltr'>rebus,</span> <span class='ocrx_word' id='word_1_217' title='bbox 1056 2718 1119 2775; x_wconf 90' lang='lat' dir='ltr'>quo</span> 
     </span>
     <span class='ocr_line' id='line_1_30' title="bbox 129 2787 1118 2864; baseline 0 -17"><span class='ocrx_word' id='word_1_218' title='bbox 129 2787 295 2864; x_wconf 91' lang='lat' dir='ltr'>concipitur</span> <span class='ocrx_word' id='word_1_219' title='bbox 309 2807 327 2848; x_wconf 88' lang='lat' dir='ltr'>a</span> <span class='ocrx_word' id='word_1_220' title='bbox 341 2799 449 2848; x_wconf 90' lang='lat' dir='ltr'>mente.</span> <span class='ocrx_word' id='word_1_221' title='bbox 474 2788 651 2848; x_wconf 87' lang='lat' dir='ltr'>Universale</span> <span class='ocrx_word' id='word_1_222' title='bbox 666 2789 745 2848; x_wconf 91' lang='lat' dir='ltr'>enim</span> <span class='ocrx_word' id='word_1_223' title='bbox 760 2789 914 2860; x_wconf 87' lang='lat' dir='ltr'>directum,</span> <span class='ocrx_word' id='word_1_224' title='bbox 929 2790 1023 2847; x_wconf 92' lang='lat' dir='ltr'>homo</span> <span class='ocrx_word' id='word_1_225' title='bbox 1037 2806 1063 2847; x_wconf 90' lang='lat' dir='ltr'>e.</span> <span class='ocrx_word' id='word_1_226' title='bbox 1080 2807 1118 2864; x_wconf 88' lang='lat' dir='ltr'>g.‚</span> 
     </span>
     <span class='ocr_line' id='line_1_31' title="bbox 129 2877 1119 2954; baseline -0.001 -18"><span class='ocrx_word' id='word_1_227' title='bbox 129 2877 295 2954; x_wconf 88' lang='lat' dir='ltr'>concipitur</span> <span class='ocrx_word' id='word_1_228' title='bbox 316 2898 334 2936; x_wconf 86' lang='lat' dir='ltr'>a</span> <span class='ocrx_word' id='word_1_229' title='bbox 354 2888 454 2937; x_wconf 88' lang='lat' dir='ltr'>mente</span> <span class='ocrx_word' id='word_1_230' title='bbox 475 2888 507 2937; x_wconf 92' lang='lat' dir='ltr'>ut</span> <span class='ocrx_word' id='word_1_231' title='bbox 527 2879 707 2937; x_wconf 87' lang='lat' dir='ltr'>abstractum</span> <span class='ocrx_word' id='word_1_232' title='bbox 725 2897 744 2936; x_wconf 85' lang='lat' dir='ltr'>a</span> <span class='ocrx_word' id='word_1_233' title='bbox 764 2878 993 2938; x_wconf 90' lang='lat' dir='ltr'>condicionibus</span> <span class='ocrx_word' id='word_1_234' title='bbox 1014 2877 1119 2937; x_wconf 91' lang='lat' dir='ltr'>indivi-</span> 
     </span>
     <span class='ocr_line' id='line_1_32' title="bbox 130 2967 1118 3044; baseline 0 -19"><span class='ocrx_word' id='word_1_235' title='bbox 130 2967 287 3026; x_wconf 88' lang='lat' dir='ltr'>duantibus</span> <span class='ocrx_word' id='word_1_236' title='bbox 302 2977 331 3026; x_wconf 91' lang='lat' dir='ltr'>et</span> <span class='ocrx_word' id='word_1_237' title='bbox 345 2967 473 3044; x_wconf 89' lang='lat' dir='ltr'>proinde</span> <span class='ocrx_word' id='word_1_238' title='bbox 488 2977 519 3026; x_wconf 93' lang='lat' dir='ltr'>ut</span> <span class='ocrx_word' id='word_1_239' title='bbox 532 2967 715 3027; x_wconf 69' lang='lat' dir='ltr'>universale:</span> <span class='ocrx_word' id='word_1_240' title='bbox 737 2967 833 3027; x_wconf 79' lang='lat' dir='ltr'>taliter</span> <span class='ocrx_word' id='word_1_241' title='bbox 848 2967 928 3026; x_wconf 88' lang='lat' dir='ltr'>enim</span> <span class='ocrx_word' id='word_1_242' title='bbox 948 2967 1118 3026; x_wconf 83' lang='lat' dir='ltr'>humanitas</span> 
     </span>
     <span class='ocr_line' id='line_1_33' title="bbox 129 3056 1118 3133; baseline 0 -19"><span class='ocrx_word' id='word_1_243' title='bbox 129 3056 371 3133; x_wconf 90' lang='lat' dir='ltr'>apprehenditur,</span> <span class='ocrx_word' id='word_1_244' title='bbox 393 3064 427 3114; x_wconf 82' lang='lat' dir='ltr'>ut</span> <span class='ocrx_word' id='word_1_245' title='bbox 439 3059 532 3133; x_wconf 81' lang='lat' dir='ltr'>possit</span> <span class='ocrx_word' id='word_1_246' title='bbox 550 3057 767 3117; x_wconf 86' lang='lat' dir='ltr'>consideraria</span> <span class='ocrx_word' id='word_1_247' title='bbox 783 3068 883 3117; x_wconf 88' lang='lat' dir='ltr'>mente</span> <span class='ocrx_word' id='word_1_248' title='bbox 898 3067 930 3117; x_wconf 92' lang='lat' dir='ltr'>ut</span> <span class='ocrx_word' id='word_1_249' title='bbox 949 3057 1118 3116; x_wconf 85' lang='lat' dir='ltr'>humanitas</span> 
     </span>
     <span class='ocr_line' id='line_1_34' title="bbox 129 3145 1118 3223; baseline 0 -19"><span class='ocrx_word' id='word_1_250' title='bbox 129 3145 160 3204; x_wconf 91' lang='lat' dir='ltr'>in</span> <span class='ocrx_word' id='word_1_251' title='bbox 188 3163 314 3221; x_wconf 78' lang='lat' dir='ltr'>genere3</span> <span class='ocrx_word' id='word_1_252' title='bbox 341 3145 372 3203; x_wconf 90' lang='lat' dir='ltr'>in</span> <span class='ocrx_word' id='word_1_253' title='bbox 400 3147 488 3206; x_wconf 91' lang='lat' dir='ltr'>rebus</span> <span class='ocrx_word' id='word_1_254' title='bbox 515 3157 615 3206; x_wconf 89' lang='lat' dir='ltr'>autem</span> <span class='ocrx_word' id='word_1_255' title='bbox 641 3145 808 3206; x_wconf 85' lang='lat' dir='ltr'>humanitas</span> <span class='ocrx_word' id='word_1_256' title='bbox 835 3165 955 3223; x_wconf 89' lang='lat' dir='ltr'>semper</span> <span class='ocrx_word' id='word_1_257' title='bbox 982 3156 1028 3206; x_wconf 93' lang='lat' dir='ltr'>est</span> <span class='ocrx_word' id='word_1_258' title='bbox 1049 3165 1118 3205; x_wconf 90' lang='lat' dir='ltr'>cum</span> 
     </span>
     <span class='ocr_line' id='line_1_35' title="bbox 128 3233 1115 3308; baseline 0 -15"><span class='ocrx_word' id='word_1_259' title='bbox 128 3235 205 3293; x_wconf 91' lang='lat' dir='ltr'>notis</span> <span class='ocrx_word' id='word_1_260' title='bbox 225 3233 477 3293; x_wconf 86' lang='lat' dir='ltr'>individuantibus</span> <span class='ocrx_word' id='word_1_261' title='bbox 498 3246 648 3308; x_wconf 88' lang='lat' dir='ltr'>concreta,</span> <span class='ocrx_word' id='word_1_262' title='bbox 673 3237 714 3295; x_wconf 87' lang='lat' dir='ltr'>ita</span> <span class='ocrx_word' id='word_1_263' title='bbox 734 3246 766 3294; x_wconf 94' lang='lat' dir='ltr'>ut</span> <span class='ocrx_word' id='word_1_264' title='bbox 785 3236 821 3294; x_wconf 93' lang='lat' dir='ltr'>sit</span> <span class='ocrx_word' id='word_1_265' title='bbox 841 3235 1008 3295; x_wconf 85' lang='lat' dir='ltr'>humanitas</span> <span class='ocrx_word' id='word_1_266' title='bbox 1027 3236 1115 3306; x_wconf 88' lang='lat' dir='ltr'>Petri,</span> 
     </span>
     <span class='ocr_line' id='line_1_36' title="bbox 129 3320 698 3391; baseline 0.009 -13"><span class='ocrx_word' id='word_1_267' title='bbox 129 3321 294 3378; x_wconf 85' lang='lat' dir='ltr'>humanitas</span> <span class='ocrx_word' id='word_1_268' title='bbox 314 3320 405 3391; x_wconf 87' lang='lat' dir='ltr'>Pauli,</span> <span class='ocrx_word' id='word_1_269' title='bbox 427 3322 503 3379; x_wconf 84' lang='lat' dir='ltr'>haec</span> <span class='ocrx_word' id='word_1_270' title='bbox 523 3324 698 3383; x_wconf 85' lang='lat' dir='ltr'>humanitas</span> 
     </span>
    </p>
   </div>
   <div class='ocr_carea' id='block_1_4' title="bbox 0 0 1180 3700">
    <p class='ocr_par' dir='ltr' id='par_1_8' title="bbox 0 0 1180 3700">
     <span class='ocr_line' id='line_1_37' title="bbox 0 0 1180 3700; baseline 0 0"><span class='ocrx_word' id='word_1_271' title='bbox 0 0 1180 3700; x_wconf 95' lang='lat' dir='ltr'> </span> 
     </span>
    </p>
   </div>
  </div>
 </body>
</html>
