2350 3700
267 160 307 196 DE
327 160 516 197 EXSlSTENTlA
535 160 717 197 ACTIVITATIS
737 161 898 197 CORPORUM.
1026 160 1076 212 357

148 311 263 368 Contra
282 309 338 367 hos
358 327 464 368 omnes
484 308 692 368 contendimus
713 327 842 385 corpora
868 310 980 368 habere
1007 311 1076 381 vim,

84 418 144 457 non
164 399 282 456 creandi
301 398 432 474 quidem,
454 399 508 457 sed
529 400 662 457 educendi
678 417 714 455 cx
727 400 844 457 subiecto
859 401 1079 475 praeexstiteriti

8 478 12 516 ¹
83 490 144 547 sine
164 488 259 546 modos
279 489 337 545 sive
350 487 477 561 formas.

69 684 74 693 ⁴
147 627 252 675 ‘rhesis
271 626 408 688 probatio.
449 618 471 676 1.
501 616 678 690 Argumenta
703 617 834 691 generali
859 626 964 676 contra
988 628 1078 675 mate-

86 709 212 767 rialistas
233 706 319 764 simul
340 717 370 765 et
391 707 640 765 occasionalistas.

148 804 311 864 Manifesta
331 795 412 863 enim
433 804 617 880 experientia
638 805 792 865 evidenter
812 815 928 864 constat
949 823 1078 881 corpora

11 927 15 962 ;
86 894 321 954 innumerabiles
341 894 509 969 producere
531 896 662 953 effectus.

147 994 231 1052 Alios
250 995 282 1050 in
302 996 419 1067 organis
439 995 543 1052 nostris
557 994 727 1070 proilnncnt.
756 994 833 1052 Cum
855 994 934 1053 enim
949 1012 1078 1069 corpora

10 1097 13 1160 ¹,
87 1083 313 1159 cognoscimus,
344 1100 459 1157 organa
478 1094 583 1141 nostra
604 1082 723 1141 realiter
743 1084 948 1155 immutantur,
974 1083 1004 1140 id
1025 1092 1077 1152 est,

10 1177 11 1182 ’
87 1183 156 1232 actu
178 1172 336 1248 acquirunt
357 1172 485 1246 aliquid,
508 1173 548 1231 ad
569 1170 652 1247 quod
673 1181 762 1231 antea
781 1190 844 1230 non
865 1182 950 1231 erant
970 1172 1026 1230 nisi
1046 1171 1078 1230 in

87 1262 232 1339 potentia.
275 1262 407 1321 Effectus
434 1270 533 1320 autem
554 1263 611 1333 illi,
640 1262 823 1337 experientia
844 1271 983 1332 testante,
1012 1280 1078 1337 pro-

86 1352 237 1411 ducuntur
257 1370 315 1409 nnn
334 1371 354 1408 a
374 1352 452 1409 nobis
472 1353 547 1421 solis,
572 1352 626 1409 sed
648 1350 686 1409 ab
707 1352 778 1427 ipsis
799 1351 975 1426 corporibus
997 1360 1078 1408 extra

86 1461 144 1501 nos
159 1441 374 1500 exsistentibus
404 1441 491 1513 Quae
506 1440 628 1515 quidem
648 1441 805 1511 evidentia,
828 1459 895 1499 cum
917 1451 978 1497 tam
998 1440 1077 1498 clare

86 1549 153 1591 sese
175 1530 352 1601 manifestet,
376 1548 412 1588 ex
433 1530 520 1589 dictis
538 1530 570 1588 in
584 1529 793 1605 criteriologia,
816 1528 888 1589 reici
901 1547 964 1587 non
978 1529 1077 1587 debet.

14 1513 21 1533 2

11 1550 16 1588 l

11 1639 17 1733 p
148 1630 233 1688 Alios
260 1631 290 1686 in
319 1647 417 1686 rernm
444 1637 552 1687 natura
581 1629 718 1704 efficiunt.
760 1630 967 1688 Producuntur
988 1628 1077 1699 enim,

85 1720 220 1780 evidenti
235 1717 419 1793 experientia
432 1728 515 1791 teste,
536 1736 634 1779 novae
649 1717 680 1776 in
695 1719 783 1777 rebus
798 1719 962 1793 qualitates,
986 1718 1076 1788 calor,

86 1810 188 1881 color,
218 1808 410 1881 electricitas,
439 1808 497 1867 alia
517 1808 625 1884 multa3
655 1827 752 1868 novae
773 1808 978 1885 producuntur
999 1825 1078 1866 com·

86 1899 259 1958 binationes
281 1898 443 1969 chemicae,
466 1917 563 1956 novae
578 1908 758 1973 generantur
772 1898 960 1968 substantiae,
982 1915 1078 1955 novae

86 1990 219 2065 plantae,
241 2006 321 2045 nova
341 1987 490 2046 animalia.
534 1988 595 2047 Sed
615 1987 690 2047 haec
712 1988 814 2046 omnia
833 1988 945 2045 habere
968 1985 1080 2044 debent

87 2080 238 2137 rationem
272 2077 476 2135 sufficientem.
526 2077 618 2135 Ratio
652 2094 724 2136 vero
759 2077 809 2134 illa
838 2075 986 2135 sufficiens
1015 2094 1079 2133 non

86 2176 188 2244 potest
208 2184 273 2225 esse
294 2176 391 2224 motus
412 2166 515 2224 localis
535 2165 708 2241 simpliciter
729 2166 914 2224 transmissus
941 2167 988 2224 vel
1016 2183 1080 2240 pas-

86 2259 176 2315 sivus.
205 2258 305 2314 Motus
326 2255 407 2314 enim
428 2255 477 2313 ille
498 2255 631 2331 passivus
651 2273 710 2314 nec
730 2255 877 2313 rationem
891 2255 981 2329 ipsius
994 2253 1079 2313 huius

87 2346 162 2417 fieri,
184 2364 244 2404 nec
264 2345 438 2420 praesertim
460 2345 608 2402 rationem
629 2345 801 2402 diversitatis
822 2354 851 2402 et
871 2343 1081 2417 uniformitatis

87 2448 118 2495 et
148 2436 321 2493 constantiae
350 2433 534 2494 diversarum
565 2432 806 2492 efformationum
836 2434 971 2509 explicat.
1014 2434 1078 2491 Nec

86 2544 155 2584 esse
177 2534 276 2599 potest
295 2524 374 2582 solus
397 2525 488 2582 Deus.
518 2524 633 2582 Omnes
655 2523 735 2582 enim
756 2523 892 2581 homines
914 2540 1031 2598 semper
1050 2534 1080 2581 et

87 2615 201 2690 ubique
222 2614 346 2672 indubie
367 2613 500 2671 iudicant
514 2614 638 2671 effectus
652 2613 718 2671 illos
732 2611 857 2687 produci
873 2631 891 2669 a
904 2613 1079 2688 corporibus

85 2716 119 2763 ut
139 2724 157 2762 a
178 2703 256 2762 veris
277 2703 372 2761 causis
393 2701 531 2778 physicis,
554 2720 617 2760 non
639 2712 737 2760 autern
759 2702 929 2759 moralibus

12 2848 13 2859 ,
149 2793 229 2851 Fieri
250 2801 350 2851 autem
370 2811 432 2850 non
454 2801 566 2868 potest,
588 2801 621 2849 ut
641 2793 716 2849 haee
737 2801 798 2849 tam
821 2791 907 2849 firma
927 2792 1079 2867 persuasio

12 2920 13 2923 =
88 2884 163 2941 falsa
194 2883 245 2953 sit,
281 2881 416 2957 alioquin
448 2882 528 2939 enim
558 2882 641 2939 Deus
676 2880 895 2952 veracissimus,
932 2881 963 2939 id
998 2881 1080 2955 quod

87 2972 306 3031 Malebranche
334 2970 476 3041 admittit,
505 2989 561 3029 nos
589 2971 621 3028 in
648 2989 781 3029 errorem
809 2969 1012 3028 invincibilem
1038 2971 1080 3027 in·

87 3063 222 3121 duceret.
265 3063 347 3136 Ergo
368 3060 440 3137 ipsis
461 3061 639 3138 corporibus
660 3061 738 3118 inest
758 3059 891 3118 activitas
912 3059 1043 3135 physica.

87 3276 158 3336 bles,
179 3291 213 3324 en
232 3290 266 3323 uu
285 3281 351 3333 mot,
371 3271 433 3337 qu'il
451 3281 512 3336 peut
531 3272 568 3320 les
587 3269 679 3320 rendre
699 3271 900 3334 tout-puissants»
922 3271 1079 3331 (Recherche

89 3359 121 3406 de
141 3359 167 3405 la
185 3353 274 3414 verite,
295 3354 310 3401 1.
331 3354 355 3414 6,
375 3355 402 3402 P.
422 3354 455 3413 II,
476 3369 497 3400 c.
518 3365 542 3414 3,
562 3368 587 3415 p.
609 3361 660 3414 574
679 3360 703 3399 et
724 3348 796 3413 576).
