2350 3700
111 150 164 211 34⁶
392 162 431 198 nu
449 162 638 206 Quunrruaru
657 164 815 200 consonus.

109 308 209 384 parari
229 320 336 385 potest.
373 310 412 367 Et
432 310 506 369 illud
526 311 650 386 quidem
671 323 715 370 est
735 312 783 369 vel
803 312 950 387 generale
970 311 1023 368 vel
1044 328 1107 385 par·

110 398 249 457 ticulare:

171 484 199 562 a)
217 489 367 562 gencrale:
387 488 504 548 duratio
518 501 616 549 motus
630 490 774 561 caelestis,
793 490 961 549 inserviens
975 490 1019 547 ad
1033 488 1107 547 alios

109 589 207 636 motus
227 595 332 636 omnes
352 578 587 652 mensurandos3

169 662 201 741 b)
215 668 413 742 partiaclarc:
435 668 553 726 duratio
573 679 671 726 motus
692 668 813 727 alicuius
834 667 1041 744 particulatim,
1064 667 1105 724 in·

109 756 241 814 serviens
262 756 302 813 ad
329 756 444 831 aliquos
471 766 570 815 motus
596 758 828 817 mensurandos:
857 757 977 817 duratio
1006 766 1106 814 motus

109 845 266 920 horologii,
289 863 315 903 e.
337 864 366 921 g.

489 963 657 1011 Auricunus
676 974 717 1011 111.

297 1072 449 1124 ENTITAS
467 1076 644 1125 TEMPORIS
663 1075 913 1125 DECLARATUR.

170 1198 218 1255 De
239 1198 373 1256 realitate
393 1198 536 1274 temporis
556 1200 638 1257 idem
659 1198 843 1257 monendum
864 1209 911 1257 est
931 1218 968 1257 ae
987 1198 1026 1257 de
1041 1215 1107 1255 rea-

109 1284 190 1343 litate
212 1286 307 1361 spatii,
329 1286 421 1362 idque
442 1287 548 1346 iisdem
568 1287 741 1347 rationibus.
783 1287 931 1345 Proinde:

170 1377 193 1433 Ι.
218 1375 386 1433 Reicienda
406 1386 452 1435 est
471 1377 619 1435 sententia
640 1378 761 1447 Kantii,
789 1377 841 1451 qui
862 1378 953 1435 docet
973 1387 1103 1451 tempus,

109 1463 184 1521 sicut
212 1474 241 1521 et
268 1465 410 1539 spatium,
434 1484 501 1523 non
528 1484 594 1525 esse
621 1465 677 1525 nisi
705 1466 832 1525 sormam
854 1486 872 1523 a
892 1465 986 1541 priori
1007 1465 1105 1523 menti

110 1552 235 1610 inditam
249 1555 265 1610 ¹.

169 1644 207 1699 Π.
230 1643 337 1717 Neque
358 1643 523 1702 audiendus
544 1655 589 1703 est
610 1644 755 1714 Newton,
785 1644 835 1718 qui
857 1654 977 1719 tempus
998 1643 1105 1701 asserit
1169 1702 1170 1709 χ

111 1749 176 1789 esse
197 1731 403 1790 aeternitatem
423 1733 491 1791 Dei.

170 1822 223 1880 111.
245 1821 353 1896 Neque
374 1821 591 1881 admittendum
612 1833 656 1882 est
676 1832 794 1898 tempus
813 1824 892 1882 reale
907 1839 974 1881 esse
988 1820 1105 1896 aliquid

111 1930 129 1968 a
149 1921 233 1986 parte
254 1911 298 1968 rei
312 1912 351 1969 ab
364 1911 429 1987 ipsa
444 1912 519 1970 serie
533 1912 756 1971 successionum
770 1922 903 1970 motuum
919 1911 1103 1970 distinctum.

110 2002 242 2074 Tempus
263 2000 357 2071 enim,
380 2010 525 2077 quatenus
545 2011 591 2060 est
611 2001 724 2076 aliquid
746 2019 764 2058 a
784 2012 869 2076 parte
891 2000 948 2068 rei,
971 2011 1016 2058 est
1038 2000 1103 2075 ipsa

110 2089 160 2146 illa
181 2089 273 2146 series
294 2090 514 2148 successionum
536 2101 642 2149 motus.
672 2090 749 2148 Cum
769 2108 841 2148 vero
862 2090 912 2147 illa
933 2090 1026 2147 series
1041 2106 1104 2147 suc-

111 2177 280 2236 cessionum
307 2189 440 2236 motuum
467 2180 653 2254 compleatur
679 2197 735 2255 per
754 2198 835 2238 nunc
856 2196 1015 2254 praesenS,
1048 2197 1103 2252 per
1167 2229 1168 2256 ἶ

111 2266 317 2342 praeteritum,
347 2286 400 2342 per
422 2268 564 2326 futurum:
594 2267 725 2326 etribus
746 2279 844 2326 autem
871 2267 917 2326 his
945 2267 1102 2325 elementis
1167 2263 1168 2306 l

112 2357 207 2414 solum
227 2374 308 2414 nunc
328 2374 470 2431 praesens
491 2366 559 2415 actu
579 2356 631 2428 sit,
662 2356 854 2432 praeteritum
880 2374 955 2415 vero
983 2356 1014 2413 in
1042 2373 1101 2412 me·
1132 2373 1135 2378 ·

111 2445 207 2503 moria
226 2456 339 2503 tantum
361 2457 501 2514 servetur,
524 2447 652 2504 futurum
672 2446 805 2520 denique
826 2446 857 2503 in
873 2445 965 2503 animi
980 2463 1102 2519 exspeo
1166 2493 1167 2520 p

111 2533 295 2606 tatione'sit,
324 2535 469 2610 sequitur,
499 2545 530 2593 ut
550 2537 646 2593 totalis
665 2537 742 2592 ratio
768 2537 901 2611 temporis
920 2543 979 2610 per
1005 2542 1102 2609 opera·
1166 2527 1167 2550 ³

111 2627 213 2682 tionem
233 2625 325 2681 animi
336 2625 508 2698 sornuslitcr
528 2624 692 2700 impleatur.
727 2625 818 2683 Unde
839 2623 912 2681 illud
933 2621 1102 2680 Aristotelis
1165 2653 1166 2658 κ

112 2715 180 2771 aS.
202 2715 336 2772 Doctore
358 2712 524 2771 laudatum:
556 2713 608 2770 «Si
633 2732 690 2771 non
718 2721 787 2771 esset
812 2715 925 2780 anima,
954 2731 1013 2770 non
1033 2717 1104 2769 esset
1165 2769 1166 2792 χ

112 2810 244 2877 tempus.»
1165 2797 1166 2816 i

172 2892 224 2948 IV.
255 2892 431 2948 Formaliter
450 2891 579 2966 proinde
601 2902 757 2967 acceptum
779 2901 895 2966 tempus
917 2899 961 2948 est
981 2907 1037 2948 ens
1060 2908 1101 2946 ra·

112 2979 200 3036 tionis
222 2998 289 3037 cum
310 2979 504 3037 fundamento
525 2979 556 3036 in
578 2999 619 3038 re.
662 2980 726 3039 Etsi
750 2979 831 3038 enim
858 2989 940 3038 extra
967 2978 1098 3036 animam
1164 2977 1165 2986 ’

112 3067 222 3124 exsistit
243 3068 334 3124 series
354 3067 404 3124 illa
425 3068 659 3139 successionum,
681 3080 782 3127 tamen
803 3087 866 3127 non
887 3067 1012 3140 exsistit,
1043 3085 1098 3126 nec

174 3246 296 3296 ¹Recole
321 3268 365 3310 ea,
392 3269 456 3316 quae
475 3271 550 3318 supra
569 3253 608 3318 (p.
631 3254 695 3319 333)
723 3259 756 3306 de
782 3259 887 3307 entitate
913 3257 990 3322 spatii
1019 3257 1097 3306 decla·

112 3331 165 3368 rata
183 3334 248 3371 sunt.
