2350 3700
336 165 374 202 DE
393 165 558 203 CRlTIClSMO
578 165 739 205 KANTIANO.
981 164 1030 215 113

27 330 161 371 causam
184 309 220 388 (e.
236 330 280 389 gs
304 313 548 389 contingentiam,
569 313 787 384 limitationem,
810 307 888 387 etc),
909 322 1033 389 propter

29 420 132 476 quam
161 402 335 461 attributum
373 422 409 461 «a
437 406 505 462 Deo
539 412 673 461 creatus»
710 402 845 461 subiecto
879 401 1031 461 tribuatur.

29 491 156 549 Iudicia
183 502 284 551 autern
310 493 464 568 synthetiea
490 492 542 550 illa
568 502 649 563 sunt,
680 491 712 549 in
740 509 868 568 quorum
896 491 1034 550 extremis

29 599 103 638 non
124 581 204 640 inest
224 581 313 653 ratio,
342 600 395 640 cur
415 591 637 658 componantur
662 583 712 640 vel
731 581 915 654 dividantur,
941 580 984 639 ita
1002 589 1035 637 ut

30 670 117 728 ratio
138 670 191 728 illa
211 670 249 729 sit
268 680 391 729 externa
411 681 441 730 et
462 689 498 729 ex
519 669 703 747 experientia
722 671 846 746 propria
865 670 914 728 vel
936 669 1035 728 aliena

32 754 242 835 (auctoritate)
263 760 363 836 petita.
392 761 428 819 E.
450 776 494 836 g.:
520 761 630 819 «homo
650 769 696 819 est
716 770 884 836 aegrotus»,
909 776 1035 835 «corpus

34 860 84 907 est
107 850 300 908 rotundum».

102 938 234 997 Kantius
263 938 392 1016 proinde
422 938 578 997 notionem
608 938 786 997 iudiciorum
817 936 1034 1013 analyticorum

38 1026 80 1086 ad
102 1028 240 1103 priorem
261 1028 392 1103 speciem
414 1037 555 1099 coarctat,
577 1029 701 1086 alteram
715 1045 788 1086 vero
808 1026 950 1103 supponit
970 1044 1035 1085 esse

39 1117 178 1192 speciem
192 1116 379 1188 iudiciorum,
403 1135 479 1192 quae
494 1117 525 1175 in
539 1126 642 1175 mente
655 1117 788 1176 oriuntur
802 1136 821 1175 a
834 1116 936 1192 priori,
956 1134 994 1175 ex
1007 1115 1036 1173 vi

42 1207 178 1280 quadam
194 1223 288 1264 caeca
307 1216 338 1265 et
351 1206 461 1277 innata,
485 1214 515 1265 et
528 1204 605 1265 haec
618 1215 706 1265 vocat
727 1206 881 1281 syntlretica
894 1223 913 1262 a
927 1205 1034 1281 priori.

105 1294 169 1354 Sed
199 1294 305 1353 nullibi
331 1297 505 1354 demmtrat
530 1312 595 1355 esse
623 1295 734 1354 iudicia
766 1295 837 1354 talia
870 1293 1036 1371 synthetica

46 1384 190 1460 apriori.

104 1474 257 1549 Affirmet
276 1473 397 1548 quidem
416 1491 521 1532 eorum
540 1473 739 1533 exsistentiam
760 1482 792 1532 ut
814 1474 924 1531 lactum
944 1471 1038 1547 quod·

42 1564 115 1621 dam
136 1562 349 1621 inconcussum
370 1573 399 1622 et
413 1563 537 1621 omnino
558 1563 730 1638 indubium3
750 1562 804 1621 sed
825 1561 1037 1621 affirmationes

44 1652 286 1727 «dogmatismo»
300 1651 422 1726 quidem
437 1651 599 1711 convenire
613 1662 744 1728 possunt,
761 1669 825 1710 non
834 1661 934 1710 autem
944 1649 1038 1708 ‹criti-

41 1742 173 1801 cismo».
210 1742 281 1800 Sola
301 1741 363 1800 eius
384 1752 559 1817 argumenta
579 1751 647 1801 sunt
667 1742 813 1817 exempla,
835 1740 889 1801 sed

107 1832 264 1908 Exempla,
291 1848 368 1907 quae
397 1831 495 1903 affert,
523 1830 598 1890 nihil
618 1832 748 1908 probant
767 1831 799 1890 in
820 1830 954 1890 savorem
976 1828 1038 1888 eius

42 1921 226 1980 sententiae.
255 1921 401 1996 Exempla
420 1920 499 1980 enim
520 1921 571 1979 illa
592 1920 702 1992 omnia,
724 1931 774 1979 aut
791 1919 947 1980 continent
967 1917 1038 1976 iudi·

43 2011 110 2082 cia,
138 2027 218 2085 quae
240 2028 345 2069 revera
365 2010 512 2086 analytica
532 2021 615 2082 sunt,
637 2021 703 2082 aut,
731 2010 755 2069 si
776 2019 844 2068 sunt
863 2007 1038 2083 synthetica,

43 2109 115 2159 sunt
144 2119 164 2158 a
191 2098 358 2176 posteriori.
401 2101 435 2158 E.
458 2114 502 2174 g.:
534 2116 548 2174 7
575 2100 609 2168 -l-
635 2115 650 2176 5
676 2122 710 2146 =
737 2120 787 2171 12,
818 2099 843 2156 si
873 2115 935 2155 non
964 2114 1041 2155 voees

45 2189 102 2248 sed
123 2189 251 2247 notiones
272 2188 459 2260 consideras,
489 2197 533 2247 est
553 2188 695 2247 iudicium
715 2188 893 2263 analyticum
921 2185 1040 2244 alterius

45 2277 172 2353 speciei.

109 2369 157 2426 Ex
189 2368 364 2443 experientia
393 2366 524 2441 denique
553 2366 628 2425 nihil
656 2367 688 2424 in
717 2367 851 2425 favorem
882 2366 944 2425 eius
971 2364 1041 2422 doc·

46 2457 146 2515 trinae
169 2455 284 2516 desumi
311 2465 426 2532 potest3
453 2455 545 2514 immo
572 2456 737 2515 reflectenti
764 2455 872 2531 cuique
897 2453 928 2510 in
959 2463 1041 2510 actus

47 2565 118 2605 suos
140 2545 223 2604 clare
244 2556 368 2622 apparet
388 2543 497 2603 iudicia
511 2544 581 2603 talia
595 2544 755 2618 efformari,
776 2563 840 2603 non
855 2562 892 2602 ex
910 2542 1041 2618 synthesi

48 2635 183 2710 quadarn
205 2653 297 2693 caeca
317 2633 479 2694 intellectui
506 2635 623 2706 innata,
653 2635 707 2694 sed
734 2634 789 2692 sub
816 2633 927 2690 influxu
955 2632 1042 2707 ipsius

47 2724 225 2781 visibilitatis
244 2723 373 2781 veritatis
393 2725 540 2782 obieetioae
560 2726 649 2781 menti
666 2741 723 2781 sese
743 2722 965 2796 manifestantis.

111 2815 152 2870 Et
173 2830 206 2870 re
228 2811 350 2886 quidem
370 2830 441 2870 vera
527 2839 529 2844 ¹

112 2897 142 2976 a)
162 2900 418 2976 Quotiescumque
433 2901 532 2960 iudico
548 2919 574 2960 e.
589 2916 658 2977 g.:7
678 2901 711 2969 l
731 2916 746 2976 5
766 2923 799 2948 Ξ
820 2921 864 2971 12,
880 2896 1041 2958 reflexione

51 3009 142 3067 super
162 2992 244 3049 hunc
264 3000 362 3048 actum
383 2991 531 3066 perfecta,
561 2991 641 3049 clare
662 2990 767 3059 video,
793 3008 856 3048 non
876 2989 972 3046 solum
992 3004 1041 3045 me

52 3079 249 3156 pronuntiare
278 3097 292 3154 7
317 3080 352 3147 -Ι-
374 3095 389 3156 5
418 3079 579 3138 identicum
607 3097 672 3138 esse
697 3097 766 3137 curn
796 3099 845 3149 12,
874 3077 928 3137 sed
953 3077 1043 3135 etiam

54 3169 329 3246 pronuntiationem
350 3167 431 3226 illam
451 3168 530 3239 fieri,
559 3169 627 3242 quie
647 3168 727 3226 video
748 3185 811 3226 rem
833 3166 873 3224 ita
899 3185 964 3224 esse
985 3147 1043 3222 nec

55 3276 143 3335 posse
171 3275 237 3317 esse
266 3258 365 3328 aliter,
394 3257 465 3331 quia
490 3255 579 3314 video
610 3255 732 3324 scilicet,
761 3253 874 3328 analysi
903 3251 1042 3318 instituta,

57 3365 202 3406 summam
223 3345 367 3403 unitatum
389 3363 426 3403 ex
445 3354 571 3416 utraque
593 3351 677 3416 parte
699 3358 764 3398 esse
785 3339 923 3396 eandem.

110 3447 304 3498 Reinstadlcr,
320 3446 389 3486 Elem.
405 3444 484 3495 philos.
500 3443 569 3483 schol.
869 3431 884 3477 8
