2350 3700
550 110 779 148 CRITERIOLOGIA.

163 276 261 331 reum,
289 258 408 330 vivens,
438 259 583 330 sentiens,
615 257 776 330 rationale,
806 276 866 333 quo
893 259 940 329 tit,
971 268 1003 316 ut
1033 256 1064 314 in
1088 255 1139 330 ipso

163 347 393 423 distinguamus,
423 348 507 422 quasi
537 366 592 423 per
622 348 731 423 gradus
760 348 960 406 ascendentes
990 346 1032 404 ad
1060 343 1139 418 magis

162 436 348 508 universalia,
364 436 526 508 hominem,
542 436 660 508 animal,
683 436 793 508 vivens,
809 454 927 513 corpus,
950 434 1137 493 substantiam.

227 524 344 584 &ades
365 526 492 601 proinde
514 536 659 584 vocantur
679 525 730 583 illa
750 525 897 594 attributa,
922 526 993 600 quia
1012 543 1068 600 per
1087 523 1138 598 ipsa

164 616 202 673 ab
223 614 412 673 inferioribus
433 614 587 673 idearum¹
613 615 697 689 quasi
725 633 780 690 per
806 614 916 689 gradus
944 614 1090 689 quosdam
1108 612 1139 668 ad

166 704 320 780 superiora
340 722 452 779 genera
473 703 669 763 ascendimus.

224 802 415 878 Metnplrysz'ci
434 812 532 860 autem
551 801 696 873 dicuntur,
721 800 791 876 quia
807 802 838 860 in
853 811 922 860 ente
937 820 1007 873 uno,
1029 801 1138 877 physice

163 901 297 967 spectato
314 886 413 967 (prout
433 891 546 949 scilicet
566 890 678 949 exsistit
698 890 850 949 actualiter
867 890 898 948 in
912 910 1012 949 rerum
1024 885 1136 962 natura),

163 980 248 1056 ponit
257 979 503 1055 multiplicitatem
513 979 544 1037 in
554 981 661 1038 ordine
671 979 876 1056 metaphysico
888 982 937 1038 vel
951 978 1040 1038 ideali
1053 975 1139 1055 (prout

163 1070 276 1127 scilicet
297 1069 424 1128 obicitur
445 1069 610 1145 cognitioni
631 1068 838 1141 intellectivae‚
860 1069 1095 1145 independenter
1107 1067 1138 1125 ab

164 1158 272 1217 actuali
286 1178 337 1217 sua
352 1159 529 1232 exsistentia,
545 1158 577 1217 in
592 1159 698 1218 ordine
713 1158 897 1234 possibilium
910 1152 1136 1230 consideratum).

223 1248 293 1322 Quo
314 1266 403 1307 sensu
430 1248 585 1324 proposita
613 1248 803 1323 quaestione,
832 1246 1038 1306 nominalistae
1058 1246 1137 1304 medii

162 1337 227 1396 aevi
262 1338 497 1413 responderunt:
535 1338 653 1396 Gradus
682 1336 878 1413 metaphysici
907 1356 971 1396 non
1001 1347 1065 1395 sunt
1090 1334 1136 1392 nisi

163 1425 272 1485 diversi
300 1434 457 1503 conceptus,
489 1426 620 1486 distincti
647 1426 725 1485 inter
745 1444 792 1499 se,
820 1444 884 1484 nou
905 1437 1029 1502 propter
1049 1425 1137 1483 funda·

162 1526 296 1574 mentum
321 1515 509 1592 desumptum
536 1535 573 1575 ex
599 1516 704 1587 rebus,
735 1534 809 1591 quas
829 1507 1067 1591 repraesentent,
1094 1513 1139 1572 sed

162 1606 240 1662 unice
259 1608 328 1680 qnia
348 1606 402 1662 alii
425 1607 491 1663 aliis
517 1607 576 1663 sint
601 1606 753 1675 clariores,
781 1605 829 1663 vel
857 1615 982 1681 propter
1009 1605 1138 1663 diversant

163 1695 413 1753 denominationem
436 1689 616 1769 (edistinctio
637 1689 836 1768 nominalisr).

222 1786 285 1842 Iam
307 1801 379 1842 vero
401 1784 474 1860 quid
502 1783 540 1842 de
568 1783 752 1842 formalismo
772 1783 876 1841 Kantii
897 1783 1083 1841 sentiendum
1101 1782 1137 1852 sit,

162 1892 250 1950 supra
272 1868 312 1949 (p.
338 1894 392 1931 112
414 1869 471 1948 sq.)
500 1873 683 1932 declaratum
710 1885 771 1947 est3
800 1874 910 1949 gradus
936 1883 1035 1932 autem
1061 1883 1139 1930 meta·

162 1963 302 2039 physicos
316 1962 456 2038 distingui
472 1982 540 2022 cum
554 1964 750 2023 fundamento
765 1964 796 2021 in
811 1982 852 2035 re,
868 1963 1066 2034 ostendemus,
1081 1979 1138 2020 cum

163 2051 202 2110 de
224 2051 361 2111 realismo
383 2052 584 2112 moderatiore
606 2071 704 2112 sermo
726 2055 788 2112 erit

222 2155 275 2212 Ill.
297 2155 348 2212 De
367 2155 498 2213 realismo
513 2164 694 2229 exaggerato.
716 2187 757 2196 -
777 2156 944 2215 Realismus
957 2164 1139 2231 exaggeratus

161 2242 338 2302 universalia
345 2244 435 2302 docet
436 2243 608 2317 formaliter
614 2245 828 2303 ntnnincrsalin
834 2245 975 2305 exsistere
983 2254 1064 2303 extra
1070 2260 1139 2301 men·

162 2343 223 2390 tem
244 2332 275 2390 in
290 2351 389 2392 rerum
402 2342 515 2391 natura.
545 2333 673 2392 Diverso
687 2343 787 2391 tamen
802 2333 894 2391 modo
909 2351 972 2391 rem
988 2333 1139 2409 explicant:

222 2431 308 2488 Pla‘to
322 2431 401 2489 enim
416 2431 514 2506 posuit
531 2431 648 2490 «ideas»
664 2449 717 2490 seu
731 2449 906 2490 communes
920 2449 1020 2490 rernm
1033 2442 1140 2489 naturas

163 2514 341 2595 (essentias),
373 2519 530 2578 essentiam
561 2519 691 2580 hominis
721 2540 747 2579 e.
778 2539 806 2596 g.
837 2523 886 2579 vel
914 2519 1000 2597 equi,
1029 2518 1140 2596 propria

162 2609 293 2681 entitate,
315 2620 347 2667 ut
367 2627 415 2667 res
434 2599 569 2668 aeternas
592 2621 622 2668 et
636 2609 884 2686 incorruptibiles,
907 2610 1048 2668 exsistere
1069 2618 1140 2667 extra

163 2708 303 2771 mentem,
327 2709 410 2757 extra
431 2717 478 2758 res
499 2701 672 2775 singulares
695 2710 778 2758 extra
798 2701 898 2758 Deum
908 2700 927 2758 ².

227 2905 293 2956 ¹Cf.
334 2947 339 2958 .
362 2921 403 2958 21.

226 2925 330 3038 ²Hamid
349 2989 461 3039 Platonis
480 2991 631 3039 sententiam
650 2990 788 3054 expositam
814 2989 927 3040 invenies
953 2993 1023 3056 apud
1042 2992 1067 3042 S.
1086 2993 1141 3040 Doc-

163 3077 244 3117 torem
263 3069 289 3118 S.
309 3069 386 3118 theol.
410 3082 438 3131 1,
464 3086 488 3134 q.
509 3069 557 3131 84,
583 3086 604 3118 a.
625 3083 650 3129 4.
687 3069 790 3119 Plurimi
814 3080 897 3120 tamen
922 3088 954 3121 ex
972 3072 1018 3122 SS.
1038 3073 1141 3121 Patribus

164 3145 203 3212 (S.
223 3148 380 3212 Augustinus
400 3165 421 3198 e.
442 3146 481 3214 g.)
502 3150 596 3199 docent
613 3150 681 3199 hanc
703 3166 770 3212 esse,
789 3167 842 3199 non
860 3151 987 3212 Platonis,
1008 3154 1055 3201 sed
1072 3153 1140 3201 Plato-

163 3229 276 3277 nicorum
295 3229 453 3288 sententiam,
474 3229 557 3293 ipsum
575 3246 635 3278 vero
649 3230 780 3278 Platonem
799 3232 916 3280 docuisse
932 3232 1084 3281 universalia
1096 3248 1141 3281 esse

165 3307 234 3352 ideas
254 3304 410 3367 exemplares
430 3307 455 3352 in
474 3315 558 3354 mente
578 3308 670 3357 divina.
