2350 3700
158 108 207 156 ¹94
529 104 766 142 uarnonoxoorn.

154 273 191 313 ex
211 273 301 312 causa
314 253 374 311 iarn
388 255 510 330 cognita
522 252 680 312 descendit
693 252 732 310 ad
747 253 871 310 effectus
885 251 1014 309 eosdem
1030 248 1148 324 penitus

153 343 356 418 inspiciendos
376 345 425 401 vel
439 343 478 401 ad
494 342 568 400 alias
583 342 739 418 qualitates
752 359 847 400 novas
861 340 1065 415 detegendas.
1095 339 1149 396 De·

154 431 328 490 monstratio
348 431 500 490 circularis
520 431 649 507 proinde
669 430 743 488 nihil
764 430 845 490 aliud
865 439 911 488 est
929 430 988 487 nisi
1007 428 1149 504 probatio

153 532 220 580 orta
247 540 285 580 ex
310 520 572 579 demonstrationis
600 539 619 577 a
645 519 804 595 posteriori
831 518 1053 577 coniunctione
1085 535 1149 574 cum

153 610 409 669 demonstratione
423 630 442 668 a
455 609 556 686 priori.
586 609 638 666 Sic
651 626 717 684 eg.
733 607 903 667 exsistentia
916 607 978 665 Dei
992 605 1150 682 sapientis-

153 699 220 757 simi
241 719 260 757 a
279 698 453 775 posteriori,
482 698 500 756 i.
523 716 549 756 e.
571 715 609 757 ex
629 697 733 756 mundi
754 697 839 755 huius
860 696 986 768 ordine,
1008 696 1150 771 probata,

153 806 190 846 ex
217 788 282 863 ipsa
302 788 361 847 Dei
388 787 534 863 sapientia
560 786 673 854 deinde
702 806 721 843 a
747 785 841 862 priori
865 787 952 862 plura
980 785 1022 843 de
1047 784 1152 841 mundi

153 877 260 935 ordine
280 878 379 935 deduci
396 885 535 952 possunt,
565 894 643 951 quae
664 877 741 934 forte
764 874 949 951 experientia
971 874 1152 932 immediata

152 985 217 1025 non
237 984 462 1042 cognoscamus.
502 968 539 1023 In
558 966 617 1045 bac
637 974 739 1024 tamen
759 963 1021 1040 argumentatione
1045 963 1152 1021 sedulo

154 1056 323 1114 cavendum
350 1055 407 1113 erit
434 1074 453 1112 a
480 1053 592 1112 circulo
619 1053 742 1126 vitios0,
770 1055 809 1113 de
838 1071 898 1128 quo
926 1053 959 1110 in
981 1051 1153 1128 disciplinis

153 1144 316 1203 dialecticis
337 1145 473 1202 diximus.

213 1233 357 1291 Indirccta
383 1251 457 1291 vero
484 1241 529 1290 est
554 1231 787 1307 argumentatio,
817 1249 894 1306 quae
916 1230 1151 1289 conclusionem

153 1321 267 1396 colligit
293 1341 329 1378 ex
355 1323 563 1397 comparatam
588 1322 719 1378 instituta
746 1338 806 1377 cum
833 1320 1059 1378 contradictoria
1081 1339 1151 1377 con-

154 1410 303 1469 clusionis.
314 1442 353 1449 -
362 1409 638 1486 Argumentationis
648 1409 811 1467 indirectae
821 1409 922 1484 plures
931 1419 1002 1467 sunt
1016 1409 1151 1483 species:

218 1521 243 1558 1.
264 1501 364 1558 Prima
377 1510 408 1558 et
420 1499 574 1576 potissima
587 1517 625 1558 ea
638 1509 684 1557 est
697 1499 923 1574 argumentatio,
944 1515 1024 1572 quae
1040 1497 1153 1556 dicitur

153 1589 354 1647 rtomnstratio
367 1598 425 1665 per
445 1577 607 1646 airardum.
649 1587 792 1646 Consistit
812 1596 912 1645 autem
933 1586 965 1644 in
988 1605 1041 1657 eo,
1067 1587 1152 1662 quod

154 1677 318 1736 ostenditur
338 1696 375 1736 ex
389 1677 623 1736 contradictoria
635 1676 848 1752 propositionis
861 1676 1043 1751 probandae
1065 1675 1151 1750 sequi

154 1767 266 1842 aliquid
281 1768 411 1837 absurdi,
426 1777 457 1824 ut
472 1786 547 1837 cum,
564 1767 603 1824 ad
618 1766 806 1842 probandum
816 1767 951 1824 valorem
960 1764 1151 1824 obiectivum

153 1857 330 1915 iudiciorum
346 1857 520 1928 intellectus,
543 1856 708 1915 ostenditur
726 1874 763 1914 ex
777 1855 925 1914 sententia
939 1856 1050 1913 Kantii
1067 1854 1152 1930 sequi

153 1946 347 2005 incommoda
374 1945 555 2021 scepticismi
580 1944 762 2003 universalis.
809 1945 897 2017 Quae
924 1945 1152 2019 argumentatio

153 2035 212 2092 hoc
233 2035 345 2111 duplici
365 2035 515 2111 principio
536 2034 651 2093 nititur:

214 2118 242 2198 a)
271 2123 305 2181 Si
324 2142 487 2199 cmiscqacns
500 2123 617 2197 falsum
638 2130 694 2192 est,
723 2124 866 2181 alterutra
886 2125 986 2181 saltem
1008 2142 1050 2181 cx
1065 2133 1152 2199 prac-

153 2214 245 2269 missis
264 2213 353 2287 falsa
379 2216 418 2271 sit
442 2220 556 2288 oportet.
585 2244 625 2250 —
652 2206 683 2287 b)
705 2213 759 2269 Ex
773 2212 909 2286 falsitate
928 2214 1017 2270 unius
1038 2220 1151 2271 contra-

153 2303 281 2359 dictionis
300 2304 426 2376 scqaitor
445 2304 552 2360 veritas
573 2303 692 2359 alterius
712 2297 752 2377 (p.
776 2319 810 2375 71
835 2311 865 2359 et
887 2296 945 2377 52).

216 2411 241 2449 2.
274 2391 413 2449 Secunda
443 2391 662 2465 argumentatio
691 2390 838 2449 indirecta
868 2401 913 2449 est
941 2391 1151 2448 demonstratio

154 2482 296 2554 negatoria,
319 2497 378 2555 qua
392 2479 556 2537 ostenditur
563 2480 783 2555 propositionem
798 2480 1051 2537 contradictoriam
1072 2480 1151 2537 nulla

153 2570 210 2626 niti
227 2570 353 2637 ratione,
382 2578 412 2627 et
438 2568 566 2643 proinde
595 2568 690 2626 refelli
710 2585 799 2645 posse
820 2568 849 2627 vi
869 2568 1031 2643 principii:
1070 2568 1155 2641 Quod

149 2660 245 2732 gratis
265 2659 412 2726 asseritur,
431 2658 527 2730 gratis
547 2664 678 2730 negatur.
721 2658 767 2714 Ex
788 2675 849 2731 quo
872 2657 1022 2715 indirecte
1044 2657 1152 2715 defluit

152 2747 390 2823 propositionem
410 2746 598 2821 probandam
618 2764 680 2804 non
693 2747 865 2805 necessario
880 2763 944 2805 esse
959 2747 1084 2819 salsam,
1109 2747 1151 2805 vel

154 2855 242 2912 posse
269 2854 334 2895 esse
359 2854 476 2907 veram,
505 2837 553 2893 vel
581 2836 680 2893 saltem
708 2837 744 2893 ab
771 2836 939 2893 adversario
967 2854 1027 2893 non
1052 2838 1149 2896 everri.

153 2925 234 2984 Talis
255 2936 300 2984 est
320 2944 346 2984 e.
368 2943 395 3000 g.
418 2925 655 3000 argumentatio,
684 2943 744 2999 qua
771 2924 936 2983 ostenditur
965 2928 1150 3001 exemplar

154 3016 266 3073 Kantio
293 3014 325 3071 in
353 3015 486 3072 savorem
507 3014 672 3088 systematis
701 3014 878 3072 iudiciorum
909 3014 1149 3089 syntheticorurn

154 3120 171 3156 a
192 3102 284 3175 priori
305 3102 393 3159 allata
414 3102 524 3158 nullam
545 3101 658 3159 habere
679 3101 740 3159 vim
761 3103 921 3177 probandi.

215 3206 242 3258 3.
264 3189 366 3245 Tertia
386 3188 518 3261 denique
540 3190 757 3263 argumentatio
778 3192 926 3249 indirecta
947 3201 993 3249 est
1015 3196 1146 3256 retortio,

156 3290 232 3345 quae
253 3274 386 3331 consistit
406 3275 437 3331 in
458 3293 504 3346 eo,
526 3276 609 3349 quod
628 3278 792 3335 ostenditur
814 3279 1090 3339 contradictoriam
1113 3283 1147 3339 ab
