2350 3700
513 173 613 210 INDEX.
1015 173 1053 211 XV

79 381 140 430 Art.
149 382 198 430 III.
225 383 267 430 De
287 382 455 431 conversione
473 383 724 446 propositionum.
799 423 803 432 .
878 424 883 433 .
958 317 1055 450 '¹²¹3'-

136 457 155 525 ξ
178 475 199 510 ι.
226 461 321 511 Νοιὶο.
398 501 402 510 .
477 500 482 511 .
509 511 516 524 ,
557 500 964 515 ......
1022 477 1055 530 59

135 537 154 605 fi
175 555 199 590 2.
226 543 342 606 Regulae
361 543 386 590 in
406 544 583 592 convertendis
598 543 814 607 propositionibus
826 547 965 594 servandae

82 623 141 672 Art
156 621 202 670 IV.
229 623 270 671 De
284 623 391 672 transitu
404 622 549 672 immediato
562 639 592 671 ex
605 639 656 671 una
668 625 841 688 propositione
853 625 878 673 in
891 626 966 674 aliam

261 703 315 752 sive
335 703 366 752 de
385 702 540 752 illationibus
556 741 963 755 ......

138 778 157 847 ᾖ
180 793 201 831 1.
228 783 307 832 Notio
317 821 965 836 .........

139 859 158 926 ξ
178 875 203 912 2.
230 863 335 927 Species
397 902 965 916 ........

489 1004 572 1042 LIBER
593 1005 633 1042 111.

215 1089 264 1139 DE
282 1089 414 1138 TERTIA
433 1089 563 1139 MENTIS
584 1090 812 1140 OPERATIONE
831 1091 934 1141 SIVE·

418 1169 466 1218 DE
484 1170 704 1221 RATIOCINIO.

72 1277 159 1344 Caput
182 1279 202 1327 1.
228 1277 307 1326 Notio
326 1276 452 1326 ratiocinii
471 1276 576 1341 eiusque
596 1277 662 1342 signi
676 1279 729 1327 sive
741 1277 967 1343 argumentationis

89 1360 146 1409 Art.
183 1360 201 1406 l.
228 1358 308 1406 Notio
326 1356 452 1406 ratiocinii
471 1357 594 1406 evolvitur
640 1395 966 1410 .....

90 1441 148 1488 Art.
168 1439 201 1486 Π.
229 1438 269 1486 De
288 1437 504 1502 ratiocinii-signo
524 1437 576 1486 sive
595 1439 628 1486 de
647 1439 886 1503 argumentatione.
960 1476 966 1487 .

89 1520 201 1568 ArtIlI.
229 1519 269 1567 De
289 1517 428 1581 syllogismi
447 1518 487 1566 vel
514 1518 739 1582 argumentationis
764 1518 917 1568 rectitudine
942 1527 968 1566 et

264 1598 403 1647 veritate.
479 1635 484 1646 .
559 1637 564 1647 .
640 1637 645 1647 .
719 1638 725 1648 .
800 1637 812 1653 ,,
880 1636 885 1647 .
960 1636 967 1646 .

141 1675 161 1743 ξ
184 1692 205 1728 ι.
231 1678 355 1727 Notiones
374 1679 534 1726 declarantur
559 1716 968 1728 ......

143 1754 162 1823 ᾖ
183 1772 205 1808 2.
231 1759 318 1807 Nexus
337 1758 485 1818 declaratur,
505 1758 547 1822 qui
560 1758 627 1807 inter
638 1759 817 1807 rectitudinem
830 1757 969 1822 syllogismi

266 1846 290 1888 et
310 1837 480 1893 conclusionis
498 1837 631 1889 veritatem
648 1839 716 1905 viget
799 1877 807 1889 .
881 1878 886 1889 .
961 1877 966 1886 .

72 1939 163 2002 Caput
174 1938 205 1985 II.
232 1938 272 1986 De
291 1937 393 1985 diversis
412 1935 551 2001 syllogismi
569 1935 726 2001 speciebus.
801 1973 806 1984 .
881 1976 886 1985 .
961 1976 966 1983 .

90 2020 148 2067 Art.
187 2018 205 2065 Ι.
232 2017 272 2065 De
291 2017 439 2081 syllogismo
458 2015 602 2080 categorico
621 2017 736 2081 perfecto
800 2055 805 2064 .
881 2053 886 2065 .
961 2056 966 2064 .

58 2148 61 2154 ,
144 2094 163 2161 ξ
185 2111 205 2145 ι.
232 2097 273 2145 De
291 2097 386 2161 regulis
405 2096 567 2161 generalibus
585 2096 744 2146 rectitudinis
762 2096 903 2161 syllogismi
963 2134 968 2145 .

144 2174 206 2241 §a
232 2178 272 2226 De
290 2178 397 2241 regulis,
425 2193 488 2241 quae
508 2176 615 2226 diversis
636 2177 775 2242 syllogismi
801 2176 886 2241 figuris
911 2186 969 2225 sunt

265 2257 382 2322 propriae
400 2294 967 2307 ........

144 2334 163 2403 ᾖ
182 2350 206 2400 3
232 2338 272 2386 De
291 2337 442 2401 syllogismis
456 2338 607 2401 categoricis
620 2309 764 2401 compositis
777 2338 818 2385 vel
831 2336 969 2400 complexis

88 2422 149 2469 Art.
172 2418 204 2468 Π.
231 2418 272 2467 De
292 2418 444 2482 syllogismis
461 2417 633 2482 hypotheticis
720 2456 725 2466 .
800 2456 805 2465 .
882 2455 886 2465 .
963 2454 967 2464 .

143 2495 161 2563 ξ
183 2511 206 2548 ι.
232 2498 273 2547 De
292 2498 438 2562 syllogismo
458 2514 556 2547 conexo

143 2575 162 2642 ἓ
181 2591 205 2627 2.
232 2580 273 2627 De
292 2578 441 2643 syllogismo
459 2578 622 2627 coniunctivo
642 2614 968 2627 .....

143 2656 162 2723 ξ
182 2671 205 2721 3.
232 2660 273 2707 De
292 2658 612 2723 syllogismovdisiunctiyo
642 2694 968 2709 .....

94 2740 206 2789 ArtHI.
233 2739 274 2788 De
293 2738 445 2803 quibusdam
464 2729 617 2803 syllogismis
636 2738 807 2802 imperfectis.
882 2774 887 2783 .
963 2773 968 2784 .

94 2822 150 2869 Art.
160 2819 205 2868 IV.
232 2819 272 2868 De
292 2818 441 2883 quibusdam
459 2818 529 2867 falsis
548 2816 808 2882 argumentationibus
882 2853 888 2864 .
962 2852 968 2863 .

436 2966 512 3008 PARS
534 2965 689 3008 SECUNDA.

315 3059 816 3151 CRITERIOLOGIA.

64 3182 250 3230 Praenotiones

65 3262 152 3325 Caput
183 3261 202 3308 1.
230 3260 270 3309 De
289 3260 365 3308 variis
384 3274 448 3324 quae
468 3258 534 3309 circa
553 3257 720 3306 exsistentiam
738 3262 767 3303 et
778 3253 969 3302 fundamentum

48 3298 55 3351 '¹
268 3338 427 3389 certitudinis
440 3338 516 3389 latae
529 3344 597 3389 sunt
608 3334 741 3383 sententiis
790 3368 810 3381 ,.
883 3365 889 3375 .
964 3363 969 3372 .

43 3386 99 3492 ,y'
