2350 3700
165 118 215 168 160
539 132 774 170 cnrrnnronoom.

160 280 383 340 removendam.
426 279 663 339 Allua'natcamm
684 281 765 341 enim
788 282 957 342 collectivam
978 281 1142 359 possibilem

160 387 234 441 esse,
257 369 451 446 psychologia
472 370 685 446 comprobatur
697 372 714 430 ².
1148 382 1149 454 l

219 453 250 533 b)
272 459 381 519 Sensus
396 459 484 518 fuisse
498 469 610 519 attente
625 470 656 520 et
668 460 826 537 diligenter
837 461 998 534 adhibitos,
1015 471 1143 520 constare

160 558 275 622 potest:

220 632 250 712 α)
271 656 308 697 ex
329 637 451 713 cognito
478 638 560 697 testis
580 638 731 698 desiderio
752 639 908 700 veritatem
933 640 1145 715 investigandi,

222 722 248 801 β)
270 744 307 785 ex
335 727 426 803 ipsius
448 727 517 786 sacti
538 727 668 787 enarrati
688 740 807 800 natura,
838 729 908 804 quia
928 731 1046 788 scilicet
1067 728 1150 804 fueriti

159 817 312 892 publicum
333 826 363 875 et
383 816 514 891 illustre3
1149 809 1150 832 ³

220 900 247 980 γ)
269 923 306 964 ex
326 905 537 982 prudentiaet
557 906 690 966 sollertia
709 907 799 966 testis

220 995 274 1053 Ex
287 995 332 1053 lis
351 997 487 1070 sequitur,
508 1002 549 1065 ut,
570 999 789 1072 quotiescumque
795 997 911 1072 factum
927 1005 1096 1055 enarratum
1114 1016 1145 1053 cx

159 1103 212 1142 sua
226 1091 335 1142 natura
348 1087 405 1141 erit
412 1085 583 1160 complexum
593 1087 640 1144 acl
646 1085 800 1160 nonfacile
808 1087 970 1155 diiudicata,
986 1090 1064 1144 testas
1073 1105 1151 1172 aera„

159 1174 229 1231 lem's
231 1181 393 1250 parumque
401 1174 529 1248 dilegem,
539 1175 849 1235 testimeniumeiusvix
856 1176 941 1235 ullius
948 1175 1151 1242 sitmammtit}

226 1284 251 1323 2.
275 1262 385 1337 Quoad
405 1265 585 1321 veracitatem
607 1282 719 1323 eorum.

222 1347 250 1425 a)
275 1351 328 1410 «Sc
345 1353 422 1410 testis
442 1360 484 1410 est
502 1355 600 1411 um'cus
621 1349 678 1428 (vel
699 1353 787 1430 pauci
808 1348 942 1429 tantum).

221 1435 250 1516 α)
275 1441 393 1501 «Potest
420 1441 541 1501 alicuius
568 1443 697 1502 hominis
719 1443 850 1520 probitas
881 1454 911 1502 et
939 1443 1085 1502 veracitas
1112 1462 1152 1502 en¹

161 1530 311 1590 constanti
331 1531 546 1590 consuetudine
567 1532 608 1591 ita
629 1534 762 1604 elucere,
792 1543 824 1591 ut
843 1533 882 1591 de
904 1531 966 1591 eius
989 1533 1152 1610 veracitate,

160 1619 192 1677 in
213 1638 246 1678 re
260 1621 338 1679 seria
352 1619 508 1679 cuiuslibet
521 1622 666 1682 momenti
680 1622 817 1681 dubitare
832 1622 986 1681 evidenter
1006 1617 1152 1698 appareat

160 1719 192 1767 ut
212 1708 378 1781 ridiculum,
400 1710 492 1768 immo
513 1709 652 1770 iniustum
674 1721 704 1770 et
724 1711 857 1788 impium.

224 1794 250 1875 β)
282 1801 399 1859 «Potest
426 1818 463 1859 ex
493 1799 720 1861 circumstantiis
754 1812 857 1878 patere
887 1800 1081 1861 mendacium
1111 1801 1150 1860 illi

162 1890 274 1948 nullam
302 1908 422 1966 prorsus
449 1890 560 1950 habere
581 1909 670 1968 posse
691 1891 858 1963 utilitatem,
886 1892 1064 1967 praesertim
1085 1910 1149 1950 curn

162 1988 284 2038 testetur
313 1998 377 2038 rem
405 1979 495 2039 etiam
524 1979 563 2038 ab
595 1980 658 2039 aliis
687 1980 775 2039 facile
806 1982 1070 2056 cognoscendam,
1103 1968 1153 2056 quil

162 2068 353 2127 mendacium
373 2067 471 2128 statim
491 2067 675 2145 detegerent.
718 2072 755 2127 In
775 2070 826 2129 tali
847 2088 916 2130 casu
937 2071 1030 2129 homo
1055 2088 1153 2139 sanus,

164 2158 276 2231 probus
298 2169 327 2217 et
347 2159 488 2217 honestus
509 2158 588 2217 serio
609 2177 671 2218 non
692 2158 840 2218 mentitur.

221 2241 247 2322 γ)
273 2248 374 2306 «ldem
393 2265 431 2306 eo
445 2247 540 2324 magis
554 2258 645 2323 patet,
669 2249 791 2324 quando
811 2248 877 2307 talis
891 2248 972 2307 testis
987 2267 1024 2307 ea
1039 2249 1145 2317 asserit,

161 2355 199 2396 ex
219 2354 346 2411 quorum
361 2335 522 2396 assertione
536 2355 598 2395 non
621 2339 716 2397 solum
736 2338 810 2395 nihil
824 2336 962 2407 utilitatis,
985 2338 1040 2397 sed
1054 2338 1147 2414 potius

223 2528 230 2561 ¹
251 2532 290 2581 Cf.
314 2533 417 2581 ‹Revue
436 2533 470 2581 du
488 2534 581 2582 monde
601 2534 745 2594 invisible»,
776 2529 940 2598 1898s1899,
961 2551 986 2598 p.
1009 2534 1075 2593 206,
1104 2542 1146 2581 art

164 2611 280 2661 «Halluc.
300 2612 374 2662 coll.»

222 2690 233 2723 ²
254 2693 336 2742 ‹Pour
353 2709 404 2759 peu
423 2709 472 2758 que
490 2693 514 2741 le
540 2694 586 2742 fait
611 2694 661 2744 soit
686 2694 817 2759 complexe
843 2703 868 2744 et
893 2709 941 2759 que
967 2692 1146 2743 l’observation

161 2783 248 2823 exacte
267 2774 299 2823 de
318 2790 358 2823 ses
384 2774 475 2823 de'tails
500 2776 573 2840 exige
599 2792 649 2825 une
674 2776 785 2825 certaine
813 2776 875 2823 dose
901 2775 933 2823 de
961 2773 1091 2839 sagacite,
1118 2775 1145 2821 de

160 2855 288 2919 prudence
308 2865 333 2903 et
351 2863 448 2904 surtout
467 2855 499 2903 de
518 2856 713 2905 connaissances
731 2855 868 2921 speciales,
898 2855 916 2903 il
942 2863 981 2903 est
1008 2855 1072 2904 clair
1090 2854 1145 2919 qu’il

160 2950 192 2982 ne
211 2934 279 2983 suffit
296 2952 342 3000 pas
361 2934 509 2985 d’entendre
528 2935 552 2985 le
570 2937 681 3001 premier
705 2952 772 2986 venu
796 2934 876 3001 panni
902 2950 965 2983 ceux
991 2936 1036 3000 qui
1063 2942 1145 2983 auront

160 3015 200 3064 ete
220 3011 235 3062 ὲ
253 3014 334 3065 meme
352 3016 385 3064 de
410 3015 466 3064 voir
490 3015 522 3065 de
547 3017 615 3065 leurs
639 3033 747 3082 propres
772 3033 844 3081 yeux.
860 3053 865 3063 .
881 3053 906 3064 ..
944 3014 993 3065 Les
1019 3023 1088 3065 notes
1111 3015 1145 3063 des

160 3096 271 3144 tauristcs
288 3112 335 3145 sur
352 3098 373 3145 le
390 3091 511 3145 caractlrc
527 3103 552 3146 et
568 3098 601 3147 les
619 3113 709 3147 moeurs
729 3097 768 3146 des
780 3104 846 3163 pays
857 3097 931 3161 qu'ils
942 3102 987 3144 ont
998 3096 1145 3159 rapidcment

155 3182 303 3237 parcoumcs,
323 3185 425 3241 portent
442 3186 549 3226 souvent
566 3178 591 3226 le
609 3178 737 3228 caractere
755 3178 788 3227 de
807 3177 917 3242 legerete
936 3192 970 3225 ou
989 3176 1023 3225 de
1043 3178 1144 3242 precipi-

160 3255 240 3304 tation
259 3256 291 3304 de
307 3256 438 3321 jugement
455 3258 499 3322 qui
518 3255 560 3306 dte
578 3254 656 3322 ipen
669 3259 728 3322 pres
741 3266 811 3308 toute
823 3258 910 3307 valeur
923 3273 954 3305 au
968 3257 1141 3323 temoignage»

159 3331 211 3395 (Dc
229 3334 312 3381 Smedt
329 3335 345 3382 l.
366 3351 387 3382 c.
406 3352 432 3399 p.
456 3347 512 3395 117.
537 3333 604 3398 119).
