2350 3700
115 166 168 215 340
398 166 436 201 DE
455 164 643 210 QUANTITATE
663 164 819 203 CORPOREA.

175 308 204 387 a)
232 314 306 371 Esse
334 312 366 370 in
394 313 495 388 aliquo
523 314 593 371 loco
621 312 694 372 dicit
720 322 836 371 tantum
864 329 1010 371 exercere
1040 312 1109 368 rela-

113 402 228 461 tionem
247 402 435 477 praesentiae
456 401 495 460 ad
515 401 596 461 hunc
610 403 719 472 locum,
741 420 804 460 non
819 412 921 460 autem
936 400 1024 459 simul
1038 400 1110 458 dicit

114 493 227 550 nullam
248 492 338 549 aliam
359 491 534 549 relationem
555 490 743 567 praesentiae
765 508 916 551 exercere.

174 576 205 656 b)
227 580 359 653 Quando
380 598 428 638 res
448 579 557 638 dicitur
577 598 641 639 esse
661 580 692 637 in
706 580 840 656 pluribus
853 580 938 651 locis,
960 591 1034 640 tunc
1048 597 1111 637 non

114 669 196 727 idem
216 669 255 728 de
277 670 383 728 eadem
404 688 437 727 re
458 670 621 727 affirmatur
642 678 672 727 et
691 678 833 744 negatur,
854 668 909 727 sed
930 668 1051 726 diversa
1072 668 1111 726 de

114 759 223 817 eadem
242 777 275 817 re
296 758 350 817 sub
370 757 489 817 diversa
515 759 631 816 ratione
661 758 861 829 affirmantur3
889 758 1000 817 eadem
1029 757 1111 815 enim

115 867 162 907 res
183 849 345 907 affirmatur
364 864 430 905 esse
450 848 500 905 hic
520 846 686 905 secundum
706 852 797 905 unam
818 848 998 905 relationem
1026 864 1113 923 prae

115 938 244 1009 sentiae,
274 947 304 995 et
331 954 396 995 esse
423 935 496 994 alibi
522 936 688 995 secundum
716 935 805 994 aliam
828 936 1017 994 relationem.
1062 936 1114 993 Sic

116 1044 141 1085 e.
163 1046 191 1101 g.
214 1044 323 1102 corpus
343 1025 453 1084 Christi
474 1043 534 1083 una
554 1026 723 1101 praesentia
744 1027 977 1101 circanacraptiaa
1006 1035 1051 1083 est
1080 1026 1113 1081 in

118 1117 211 1188 caela,
234 1116 298 1173 aliis
319 1132 391 1173 vero
411 1114 587 1190 praesentiis
607 1115 852 1172 sacramentaliter
871 1124 917 1172 est
929 1114 961 1172 in
975 1114 1114 1189 pluribus
1168 1178 1169 1195 1

115 1204 188 1263 locis
209 1205 304 1276 simul,
326 1204 507 1279 ubicumque
528 1204 642 1263 scilicet
662 1214 730 1262 sunt
750 1203 866 1279 species
883 1204 1111 1263 eucharisticae.

178 1321 301 1369 Alterius
321 1320 497 1381 quaestionis
515 1319 628 1369 solutio.
1168 1331 1169 1379 ᾗ

176 1412 283 1469 Utrum
298 1426 370 1467 vero
384 1410 616 1483 circunscrzptzae
629 1426 721 1466 unum
735 1408 876 1483 idemque
892 1425 1002 1483 corpus
1015 1408 1113 1483 possit
1168 1398 1169 1439 l

117 1497 1111 1575 essepluribuslocissimulnecne,interphilosophosnonconstat

177 1583 205 1663 a)
226 1587 255 1646 S.
283 1588 406 1645 Thamar
426 1587 508 1646 enim
528 1598 558 1646 et
579 1588 629 1646 alii
650 1586 741 1659 multi,
764 1587 841 1645 inter
863 1604 938 1663 quos
959 1585 988 1644 S.
1012 1587 1112 1643 Bana·
1168 1564 1169 1637 l

116 1680 253 1746 ventura,
285 1694 414 1752 corpora
434 1676 567 1753 pluribus
587 1676 662 1735 locis
684 1677 937 1751 circumscriptive
960 1675 1048 1734 simul
1069 1676 1113 1732 in·
1168 1684 1169 1687 ’

116 1785 189 1838 esse,
212 1784 378 1842 repugnare
399 1766 520 1825 docent.
551 1766 684 1823 Probant
704 1776 803 1825 autem
824 1784 908 1823 suam
929 1765 1111 1824 sententiam

116 1859 175 1916 hoc
196 1857 359 1932 praecipuo
380 1867 571 1932 argumento:
598 1855 749 1930 «Aliquod
771 1874 878 1932 corpus
893 1873 958 1914 esse
973 1855 1111 1913 localiter

117 1947 148 2004 in
169 1946 269 2020 aliquo
291 1947 359 2004 loco
380 1945 454 2003 nihil
475 1956 520 2005 est
539 1945 633 2017 aliud,
662 1963 752 2020 quam
774 1963 881 2020 corpus
902 1943 1110 2002 circumscribi
1168 1981 1169 1984 η

117 2046 147 2094 et
168 2035 385 2109 comprehendi
405 2055 424 2092 a
440 2037 508 2094 loco
523 2035 688 2094 secundum
702 2034 1027 2093 commensurationem
1044 2051 1110 2108 pro

117 2124 247 2200 priamm
261 2124 498 2197 dimensionum3
518 2125 601 2200 quod
615 2133 713 2182 autem
728 2122 993 2199 comprehenditur
1006 2142 1026 2180 a
1040 2123 1109 2180 loco

117 2214 226 2288 aliquo,
248 2214 289 2271 ita
309 2224 354 2272 est
374 2213 405 2270 in
426 2213 492 2289 ipso
512 2215 595 2284 loca,
618 2223 649 2271 ut
668 2213 743 2270 nihil
764 2213 827 2271 eius
847 2213 884 2270 sit
903 2222 986 2270 extra
1007 2213 1107 2270 locum

117 2303 215 2375 illum3
236 2302 316 2360 unde
337 2320 460 2379 ponere,
484 2302 566 2378 quod
587 2303 625 2360 sit
645 2301 779 2360 localiter
799 2301 830 2359 in
852 2302 930 2373 loc0‚
955 2311 1108 2359 ettamen

117 2393 153 2450 sit
174 2392 233 2449 alio
253 2393 331 2463 loca,
354 2402 398 2450 est
418 2409 533 2466 ponere
554 2391 787 2450 contradictoria
807 2391 919 2449 simul»
937 2391 946 2422 ¹

178 2476 209 2555 b)
232 2479 291 2538 Alii
312 2491 433 2551 contra,
455 2481 532 2539 inter
553 2499 629 2555 quos
650 2481 762 2550 Status,
785 2479 908 2550 Saarca,
937 2480 1107 2547 Franaclin,

118 2569 341 2641 contradicunt,
372 2569 504 2628 dicendo
532 2571 591 2628 hoc
613 2571 745 2628 absolute
765 2589 829 2628 non
854 2587 1040 2644 repugnare,
1068 2568 1108 2626 ita

118 2671 148 2717 ut
169 2678 224 2736 per
245 2659 419 2717 miraculum
440 2678 549 2735 corpus
570 2659 723 2735 quoddam
744 2658 876 2734 pluribus
895 2659 968 2716 locis
984 2657 1108 2716 eircum-
1168 2731 1169 2741 ἵ

118 2749 256 2824 scriptive
278 2749 363 2806 simul
384 2766 448 2806 esse
469 2749 570 2824 possit.

179 2839 228 2895 Sic
249 2848 347 2895 autern
368 2848 627 2912 argumentantur:
659 2837 818 2913 Occupare
845 2837 945 2895 locum
972 2836 1108 2895 localiter

118 2929 165 2984 vel
195 2926 447 3002 circumscriptive
478 2937 522 2986 est
552 2928 675 2986 effectus
707 2927 889 2984 secundarius
919 2926 1106 3001 quantitatis3

118 3034 189 3072 nam
210 3015 358 3091 quantitas
379 3016 543 3074 formaliter
563 3016 715 3092 inspecta,
738 3026 883 3092 quatenus
905 3026 950 3074 est
971 3015 1106 3074 extensio

118 3106 243 3174 interna,
265 3122 328 3160 non
349 3115 477 3178 occupat
496 3105 596 3162 locum
618 3105 880 3180 circumscriptive,
902 3104 956 3163 sed
973 3105 1106 3162 extensio

118 3198 247 3245 externa.
279 3189 422 3260 Proinde,
444 3192 519 3248 sicut
539 3193 673 3250 extensio
695 3203 817 3250 externa
838 3193 979 3269 impediri
1000 3202 1104 3270 potest,

181 3337 189 3365 ¹
208 3342 234 3386 S.
257 3343 350 3399 Thana,
369 3344 490 3402 Quodlib.
511 3365 534 3410 q.
555 3361 579 3409 3,
600 3365 622 3396 a.
644 3361 667 3400 2.
