2350 3700
247 118 286 153 DE
306 118 446 153 METHODO
467 118 608 155 merlonus
629 119 824 155 EXPLANANDI.
978 108 1025 171 185

51 263 126 321 nulla
146 265 216 322 addi
236 274 344 341 potest,
367 275 399 323 ut
420 276 464 323 est
485 284 546 324 ens.
589 265 661 323 Non
682 267 777 325 annia
792 267 914 341 proinde
933 267 1032 324 debent

50 352 165 425 definiri.

105 462 131 499 2.
157 444 200 500 Ut
220 443 302 500 nulla
329 460 376 501 res
405 442 499 517 possit
526 442 643 501 definiri
670 461 725 519 per
746 462 777 501 se
801 442 896 519 ipsam
918 438 1029 519 (tidem

47 549 98 604 per
117 526 230 604 idem»)
251 531 299 590 vel
320 549 375 606 per
395 531 525 606 aliquid,
548 532 631 590 cuius
652 532 784 607 cognitio
805 532 895 608 ipsius
916 532 959 592 rei
980 533 1030 591 de·

46 618 192 678 finiendae
212 620 369 679 notionem
389 632 620 697 praesupponat.

101 728 129 782 3.
152 711 195 768 Ut
216 708 351 768 definitio
372 710 409 768 sit
428 711 600 784 adaequata,
622 721 764 769 constans
785 710 898 769 scilicet
918 728 1030 785 genere

46 797 181 871 proximo
202 807 233 855 et
253 797 423 857 differentia
437 800 578 874 specifica
599 818 656 858 nec
677 800 737 857 ulla
758 798 817 857 alia
836 809 916 871 nota,
939 800 979 857 ita
999 810 1032 859 ut

20 923 21 966 T
46 888 119 943 omni
138 894 167 943 et
185 888 241 944 seli
258 888 373 962 deflente
394 889 546 945 conveniet.

20 997 21 1037 2
99 976 179 1033 Cum
194 987 351 1051 praeterea
364 976 545 1035 definitionis
558 995 664 1036 munus
678 977 723 1048 sit,
739 988 770 1035 ut
785 976 867 1035 ideas
882 978 977 1036 claras
991 978 1031 1035 ef-

45 1064 149 1123 formet
162 1067 213 1123 vel
228 1066 368 1124 clariores
383 1066 497 1137 reddat,
519 1068 582 1141 epse
596 1067 675 1125 clara
688 1068 727 1124 sit
738 1073 853 1142 opertet.
882 1066 1028 1125 Proinde?

101 1174 126 1212 1.
150 1154 312 1212 Terminus
333 1154 376 1213 rei
396 1154 587 1213 definiendae
609 1154 639 1213 in
668 1156 872 1214 definitionem
900 1173 961 1213 non
989 1156 1031 1213 in-

43 1242 201 1314 gradiatur.

101 1352 128 1389 2.
158 1331 295 1390 Arcendi
322 1342 389 1390 sunt
415 1334 454 1391 ab
482 1333 548 1409 ipsa
568 1332 687 1393 termini
709 1333 839 1409 ambigui
867 1335 915 1392 vel
940 1332 1028 1393 etiam

44 1419 241 1497 metaphorici
262 1422 309 1479 vel
330 1421 456 1480 obscuri.

99 1530 128 1585 3.
153 1510 199 1567 Sit
218 1510 324 1582 brevis
345 1530 385 1569 ne
405 1512 565 1570 verbomm
586 1512 673 1570 turba
694 1530 779 1571 mens
800 1512 950 1570 obruatur.

100 1602 141 1657 II.
166 1599 293 1671 Regulee
312 1600 457 1658 de'ozsiener
476 1602 588 1674 logicae.

104 1709 130 1746 1.
155 1687 200 1745 Sit
214 1689 383 1762 adaequata,
405 1689 470 1748 talis
491 1688 613 1760 scilicet,
634 1699 666 1747 ut
680 1688 782 1747 omnia
797 1690 932 1748 membra
945 1690 1030 1748 simul

20 1789 21 1794 ’
43 1788 137 1835 totum
159 1777 291 1852 logicum
310 1778 426 1854 integre
447 1778 636 1837 constituant.
678 1777 823 1836 Proinde:

103 1862 133 1940 a)
163 1866 261 1924 Nulla
286 1875 362 1942 pers
388 1871 542 1926 emittetur.
589 1869 676 1926 Falsa
706 1879 783 1926 esset
811 1886 837 1926 e.
865 1887 894 1944 g.
925 1867 1030 1925 divisio

46 1954 209 2015 viventium
228 1955 261 2013 in
281 1956 417 2015 homines
438 1953 471 2016 et'
481 1958 620 2015 animalia
634 1957 728 2028 bruta,
750 1958 797 2016 vel
814 1955 919 2015 divisio
940 1956 1032 2014 homi·

45 2064 116 2103 uum
138 2045 170 2101 in
191 2044 335 2120 prodigos
356 2055 386 2104 et
406 2062 526 2104 avaros:
556 2045 693 2106 homines
714 2045 811 2116 enim,
833 2046 887 2104 sub
908 2047 968 2103 hoc
989 2063 1031 2104 re-

45 2145 151 2210 spectu
171 2134 361 2206 considerati,
383 2145 450 2192 sunt
470 2137 559 2194 etiam
580 2135 664 2211 parci
684 2137 733 2193 vel
755 2134 902 2194 liberales.

104 2219 137 2298 b)
159 2222 285 2280 Nullam
304 2225 456 2282 numbram
476 2231 564 2282 tetum
582 2226 720 2300 adaequet
736 2225 783 2284 vel
793 2225 913 2282 excedat.
950 2222 1032 2281 Hinc

44 2312 121 2372 falso
143 2312 283 2370 animalia
303 2312 475 2371 dividuntur
495 2312 527 2370 in
547 2313 687 2372 sensitiva
708 2324 738 2372 et
758 2312 921 2371 rationalia.

105 2397 135 2475 c)
164 2401 286 2459 Nullum
312 2403 481 2461 membrum
503 2402 582 2461 aliud
604 2403 744 2474 includat,
766 2403 813 2460 vel
836 2401 899 2460 aliis
917 2401 1030 2460 verbis:

44 2493 146 2550 divisio
173 2491 213 2547 sit
238 2492 367 2549 nunebris
387 2493 526 2567 oppositis.
569 2491 619 2550 Sic
647 2493 720 2550 salsa
748 2500 825 2550 esset
852 2490 957 2550 divisio
978 2491 1032 2564 sig·

44 2599 154 2638 norum
174 2579 206 2636 in
227 2579 372 2653 formalia,
394 2579 637 2653 instrumentalia,
659 2580 822 2639 arbitraria.

105 2667 137 2743 d)
160 2667 212 2725 Ne
223 2669 262 2725 sit
273 2670 371 2736 meere,
389 2667 522 2744 alioquin
535 2688 621 2728 mens
635 2669 722 2727 nimis
736 2669 905 2728 distrahitur
918 2669 950 2726 in
964 2686 1033 2726 con-

45 2757 259 2816 siderationem
267 2757 404 2833 partium,
414 2759 456 2817 ita
464 2768 496 2816 ut
505 2767 599 2817 totum
610 2759 669 2817 iam
679 2758 849 2834 perspicere
859 2775 921 2816 non
931 2757 1031 2832 possit.

108 2867 133 2905 2.
157 2847 203 2904 Sit
222 2847 310 2916 clare,
333 2857 363 2905 et
383 2847 528 2924 proinde:

105 2931 135 3010 a)
159 2935 315 3005 Ordinato,
337 2935 355 2994 i.
371 2955 397 2994 e.
419 2937 470 2994 fiat
490 2936 587 3012 primo
610 2936 641 2993 in
655 2935 791 3012 proxima
812 2944 842 2994 et
861 2934 1033 2992 immediata

48 3026 192 3096 membra,
214 3025 253 3082 ab
274 3025 533 3084 universalioribus
553 3025 666 3084 scilicet
687 3025 726 3083 ad
747 3023 843 3082 minus
857 3021 1033 3082 universalia

20 3181 22 3189 ,
50 3113 196 3188 gradatim
217 3115 421 3189 procedendo

105 3198 140 3279 b)
161 3203 264 3261 Parcis
284 3204 335 3261 fiat
354 3203 452 3262 verbis
472 3203 582 3279 iisque,
613 3203 643 3261 in
672 3213 813 3278 quantum
842 3201 906 3261 fieri
926 3211 1032 3277 potest,

49 3291 190 3366 positivis.
