2350 3700
143 79 192 143 158
516 89 746 128 cnrrnnronoonr.

138 237 262 296 dubium
284 237 355 297 oriri
382 247 480 313 potest
507 238 546 296 de
576 238 746 298 exsistentia
767 237 941 308 Americae,
971 235 1004 294 in
1032 215 1159 294 mente}

138 328 268 386 hominis
289 327 363 385 sani.
1151 329 1161 382 t]

199 427 337 486 Perfecta
363 436 464 485 tamen
493 426 569 484 haec
607 425 756 484 evidentia
785 443 849 484 non
884 424 943 482 nisi
972 442 1047 481 raro
1084 424 1162 490 ob-Q}

138 516 247 576 tinetur
258 517 276 573 ¹.
318 515 481 574 Ordinario
509 515 591 573 enim
612 514 772 589 contingit,
801 525 832 572 ut
859 532 962 586 mens,
992 513 1167 571 omnibus?

140 605 195 664 rite
216 605 387 682 perpensis,
416 605 558 663 evidenter
577 604 673 662 valeat
692 611 802 662 tantum
822 605 953 673 dubtom,
979 603 1066 678 quod
1089 603 1167 660 ex-ti

139 695 245 766 oritur,
274 713 330 752 esse
354 694 523 770 imprudans.
566 695 653 752 Tunc
674 704 787 764 autern,
814 692 931 752 reiectis
952 692 1029 762 illis,
1057 683 1167 767 quaet}

138 784 169 842 in
191 783 453 844 contradictoriam
473 792 589 859 partem
610 783 744 853 trahunt,
766 801 851 842 mens
874 782 960 841 alteri
981 781 1065 858 parti
1086 781 1167 838 ad-

138 873 242 933 haeret
261 875 406 950 firmiter,
435 890 498 930 non
519 871 670 931 evidentia
691 883 809 943 coacta,
836 873 890 930 sed
916 872 973 930 sub
995 872 1144 930 motione
1156 871 1167 920 ι

137 962 249 1022 liberae
268 961 436 1033 voluntatis,
458 961 528 1036 quia
548 960 630 1020 videt
644 961 832 1036 formidinem
853 963 976 1018 errandi
995 980 1058 1018 non
1080 978 1144 1018 esse

137 1053 285 1110 secundum
311 1059 415 1109 rectam
444 1053 590 1110 ratonem.
637 1052 725 1110 «Hoc
754 1051 847 1110 modo
877 1051 1023 1109 revelatio
1059 1049 1143 1108 chri·

138 1141 234 1200 stiana
253 1159 317 1200 non
338 1152 383 1200 est
398 1140 520 1216 quidem
540 1140 611 1215 ipsa·
620 1141 752 1212 evidens,
775 1141 829 1198 sed
849 1150 951 1198 tamen
972 1139 1141 1198 evidenter

140 1231 290 1290 credibilis
311 1241 401 1305 atque
422 1231 513 1288 etiam
536 1229 697 1288 credenda.
740 1230 803 1288 Etsi
831 1231 911 1288 eninr
938 1229 1081 1288 homines
1103 1235 1143 1286 at
1166 1248 1167 1252 ¹

133 1322 291 1396 plurimum
318 1337 382 1377 non
404 1320 558 1378 evidenter
585 1329 772 1394 cognoscunt
791 1319 908 1394 factum
937 1320 1136 1386 revelatzomls,
1166 1351 1167 1356 κ

138 1411 339 1484 unusquisque
360 1419 470 1481 tamen,
492 1407 540 1467 cui
561 1409 672 1467 motiva
698 1408 900 1467 credibilitatis
921 1417 950 1466 et
972 1407 1139 1467 credendi-

137 1499 205 1558 tatis
234 1497 304 1556 satis
331 1508 554 1574 proponuntur,
585 1497 741 1556 evidenter
769 1497 850 1556 videt
879 1498 1060 1556 revelationi
1092 1517 1139 1555 as·

139 1606 258 1646 sensum
286 1587 429 1664 praestari
457 1605 546 1664 posse
574 1597 604 1646 et
624 1587 836 1663 praestandum
857 1605 938 1658 esse,
965 1605 1028 1644 cum
1044 1595 1141 1663 prae·
1166 1617 1167 1641 1

138 1679 235 1735 sertim
255 1680 285 1735 in
306 1677 372 1735 aliis
391 1677 475 1735 rebus
494 1678 579 1734 lautos
599 1678 680 1748 oziae,
704 1695 776 1752 quac
796 1678 949 1735 videantur
970 1677 1142 1734 hominibus
1155 1697 1167 1733 ‚¹

135 1769 332 1840 gravissimae,
354 1769 462 1824 minore
482 1767 646 1824 certitudine
666 1773 807 1824 contentus
827 1767 914 1824 sit.»2

198 1867 365 1925 Fatendum
393 1877 494 1924 tamen
517 1876 561 1924 est
591 1866 703 1923 motiva
726 1864 929 1924 credibilitatis
964 1864 1160 1940 aliquando¹

139 1955 208 2013 talia
229 1974 303 2028 esse,
325 1966 357 2013 ut
377 1973 415 2013 ex
434 1954 606 2014 testimonio
622 1954 753 2013 humano
774 1973 837 2013 non
858 1954 914 2012 nisi
934 1954 1140 2029 probabilitas
1163 1978 1167 2003 ι

138 2045 250 2103 hauriri
276 2044 387 2121 possit3
415 2044 507 2103 immo
528 2043 593 2103 fieri
613 2054 727 2120 potest,
758 2054 789 2102 ut
810 2062 847 2103 ex
868 2044 987 2101 defectu
1010 2044 1139 2102 debitae
1166 2056 1167 2094 t

140 2134 312 2193 attentionis
333 2134 372 2192 ad
393 2153 438 2204 ea,
461 2152 538 2209 quae
559 2152 615 2209 per
635 2132 777 2192 accidens
797 2132 829 2190 in
850 2150 983 2191 errorem
1006 2128 1145 2205 ducuntj
1162 2148 1167 2183 ι

139 2223 342 2282 testimonium
362 2222 435 2281 illud
456 2224 545 2281 fallax
565 2224 610 2281 sit.
1147 2238 1148 2241 ’

201 2472 211 2503 ¹
232 2473 384 2523 rL'histoire
401 2474 521 2538 peut-elle
540 2473 710 2539 revendiquer
728 2489 760 2521 au
786 2474 867 2522 moins
892 2488 922 2523 ce
947 2488 1027 2537 genre
1055 2472 1167 2543 (1ἰέιιί-ι-1

140 2557 237 2604 dencel
268 2555 308 2604 En
327 2555 444 2619 general,
465 2570 525 2603 non.
562 2555 615 2603 Son
634 2554 750 2604 domaine
769 2554 844 2602 serait
862 2570 909 2619 par
927 2561 985 2617 trop
1004 2555 1135 2613 restreint,
1166 2581 1167 2625 ι

140 2635 181 2683 s'il
199 2635 279 2684 fallait
297 2637 321 2683 le
340 2634 433 2684 limitet
451 2651 500 2683 aux
518 2635 576 2684 faits
595 2635 638 2700 qui
657 2651 684 2685 se
700 2636 846 2700 presentent
859 2650 920 2683 avec
933 2650 968 2683 un
982 2634 1015 2683 tel
1029 2635 1135 2699 cortege
1166 2664 1167 2675 ι

141 2716 173 2764 de
193 2715 309 2765 temoins.
347 2716 428 2764 Force
447 2731 511 2763 nous
530 2724 569 2763 est
587 2714 709 2765 d'avoner
733 2730 782 2780 que
807 2714 931 2765 l'histoire
956 2730 984 2763 se
1013 2725 1134 2764 contente

137 2792 320 2859 ge'ne'ralenzent
337 2797 370 2843 de
389 2802 455 2845 cette
474 2796 597 2845 e'vidence
615 2798 708 2845 morale
729 2796 920 2859 inproprement
942 2796 991 2844 dite
1012 2793 1133 2859 (,l'exclu-

140 2875 197 2925 sion
216 2877 248 2925 de
268 2885 323 2927 tout
340 2876 489 2925 fondement
507 2872 523 2925 a
541 2892 575 2925 un
596 2877 672 2925 doute
692 2876 852 2924 raisonnable
870 2891 916 2940 par
934 2884 1044 2939 rapport
1069 2873 1086 2925 ὲ
1111 2877 1133 2925 la
1166 2864 1167 2881 ¹

97 2983 102 2991 -
139 2956 219 3005 verite
238 2956 331 3020 qu'elle
350 2964 401 3005 met
420 2973 452 3005 en
470 2953 604 3020 lumiere‘).
620 2994 625 3006 .
641 2992 667 3005 ..
704 2955 797 3005 Inutile
816 2954 939 3019 d'ajouter
966 2955 1062 3020 qu’elle
1093 2956 1132 3021 n'y
1166 2952 1167 2993 l

140 3037 220 3084 arrive
238 3054 286 3101 pas
303 3036 416 3100 toujours
434 3046 460 3085 et
478 3052 527 3101 que
546 3037 609 3085 dans
634 3037 694 3086 bien
720 3037 765 3085 des
791 3052 834 3085 cas
860 3035 908 3085 elle
934 3035 989 3084 doit
1016 3036 1133 3087 s’arreter
1166 3042 1167 3081 l

139 3116 350 3180 provisoirernent
369 3113 384 3165 ὲ
402 3132 436 3165 un
455 3117 550 3165 certain
569 3118 648 3181 degre
668 3118 700 3165 de
718 3106 871 3181 probabilit6
890 3116 932 3180 qui
948 3114 1026 3165 laisse
1040 3133 1132 3167 encore
1166 3134 1167 3171 ι

139 3197 235 3247 debout
253 3199 279 3248 la
297 3196 450 3259 probabilite
469 3196 608 3245 contraire»
631 3195 658 3261 (1.
679 3213 700 3245 c.
720 3214 745 3261 p.
766 3196 808 3245 61.
829 3193 885 3260 64).

200 3284 211 3314 ²
231 3286 314 3342 Pena,
335 3286 394 3330 Inst.
414 3283 466 3346 log.
486 3286 505 3342 I,
527 3284 585 3344 580.
