2350 3700
116 80 170 129 414
308 78 346 115 DE
366 77 465 115 CAUSIS
484 78 625 116 substitute
645 78 743 115 Murem
763 78 914 116 CORPOREI.

177 222 205 302 a)
229 226 318 285 ‹Non
345 228 406 284 sine
424 227 583 285 rationibus
603 226 707 284 elicitm
726 227 825 285 mundi
843 226 1105 300 conformationem,

110 323 179 393 post
197 324 321 375 creatam
340 335 361 374 a
379 315 447 374 Deo
467 322 551 391 atque
569 314 732 374 ordinatam
753 318 915 385 materiam,
938 318 1008 393 ipsis
1028 318 1108 374 relies

115 408 255 482 corporeis
275 405 372 479 fuisse
398 406 585 474 commissam,
613 406 656 463 ita
682 412 716 463 nt
740 406 809 463 ordo
831 406 932 463 muneri
950 408 1037 463 etiam
1059 424 1107 463 nee·

115 494 259 553 clenicam
279 495 490 571 explicationem
509 495 636 569 aliquam
656 494 814 553 admittat.»

175 589 207 668 b)
232 593 321 651 «Non
341 594 401 651 sine
420 593 579 651 ratioru’bus
599 594 763 669 affirnmtnr
789 610 878 653 terrae
896 592 1104 668 funerationem

115 683 183 758 ipsis
211 700 308 740 rernm
337 690 536 758 corporearum
564 683 673 740 oire‘lous
702 684 828 741 relictam
858 684 894 741 ab
921 685 1011 759 ia'sque
1038 708 1106 742 con·
1134 731 1135 787 1

115 782 236 846 sumptis
254 782 384 832 maximis
401 789 563 845 temporum
581 782 680 845 spatiis
702 790 759 830 esse
773 772 963 849 perfectam.»
979 775 987 807 ¹
1134 792 1135 797 ¹

176 874 214 930 Π.
244 872 366 929 Lunane
395 871 614 948 supernaturali
644 889 681 930 ex
711 870 862 947 Scriptura
893 872 985 930 Sacra
1016 866 1105 946 (Gen.
1135 850 1136 901 i

120 980 205 1033 1—2,
228 955 259 1036 3)
279 960 386 1037 partim
407 970 637 1036 cognosctmtur.
1136 969 1137 1027 l

178 1050 238 1109 Sed
266 1050 304 1109 de
332 1048 377 1109 his
405 1050 542 1108 omnibus
569 1068 626 1125 pro
654 1068 778 1109 munere
806 1050 1015 1127 philosophiae
1039 1050 1107 1109 satis
1137 1087 1138 1137 p

117 1141 215 1197 multa.
261 1138 392 1199 Uberior
420 1138 501 1197 enim
527 1139 613 1197 huius
640 1138 684 1198 rei
712 1140 882 1215 explanatio
910 1140 1108 1198 communiter

115 1227 241 1287 traditur
267 1228 333 1304 ipso
355 1227 523 1303 Scripturae
545 1229 653 1287 Sacrae
682 1246 783 1300 cursu,
812 1227 862 1287 ubi
890 1228 928 1287 de
955 1229 1107 1288 creatione
1138 1205 1139 1285 i

117 1317 220 1375 mundi
240 1334 339 1375 senno
360 1327 404 1375 est
415 1318 434 1375 ⁸.
1139 1323 1140 1367 l

177 1408 216 1465 Et
242 1406 292 1464 illa
318 1406 440 1481 quidem
468 1417 554 1466 erant
580 1407 710 1467 dicenda
738 1406 819 1466 circa
842 1419 979 1466 naturam
1001 1418 1032 1466 et
1052 1407 1107 1465 ori·
1140 1441 1141 1495 p

116 1496 217 1570 ginem
237 1494 350 1553 mundi.
391 1495 522 1555 Ulterius
542 1514 614 1555 vero
643 1496 693 1556 hic
720 1496 823 1572 quaeri
849 1507 961 1572 potest,
986 1504 1109 1573 propter
1140 1496 1141 1501 ’

116 1603 264 1659 quemnam
275 1585 368 1659 finem
388 1584 471 1643 Deus
491 1586 626 1643 nmndnm
647 1588 799 1656 creaverit,
827 1594 924 1645 utrum
951 1585 1048 1645 libere
1069 1605 1108 1643 an
1141 1559 1142 1629 i

116 1673 301 1744 necessario,
331 1673 503 1733 immediate
533 1692 573 1732 an
601 1675 753 1734 mediante
780 1676 838 1734 alia
865 1686 1017 1748 creatura,
1050 1686 1107 1734 etc.
1142 1679 1143 1729 l

118 1762 178 1821 Sed
198 1762 274 1821 haec
295 1762 396 1821 omnia
416 1761 530 1822 facilius
549 1762 758 1840 intellegentur
771 1782 808 1824 ex
822 1764 864 1836 iis,
887 1781 965 1839 quae
981 1763 1012 1822 in
1027 1765 1108 1823 theo·
1143 1797 1144 1841 t

116 1852 197 1927 logia
217 1852 342 1910 naturali
363 1854 589 1913 declarabimus.

374 2051 566 2100 APPENDIX:
587 2051 636 2100 DE
654 2050 847 2102 MIRACULO.

178 2192 271 2243 Notio.
316 2183 493 2244 Miraculum
520 2183 643 2260 proprie
670 2183 798 2254 dictum,
827 2184 850 2242 si
877 2183 908 2241 in
934 2201 1024 2242 sensu
1046 2184 1105 2242 lato

117 2270 275 2346 accipitur,
302 2272 419 2331 definiri
440 2283 552 2349 potest:
580 2282 651 2349 opas
668 2273 810 2341 sensibile,
832 2273 989 2342 insolilnm,
1011 2281 1106 2350 snper·

117 2362 259 2430 emtrerale,
280 2361 416 2420 amintas
430 2363 545 2436 factum
557 2363 575 2420 ⁸.
617 2361 750 2420 Dicitur:

177 2459 246 2526 opus
265 2452 406 2520 sensibile,
435 2451 519 2527 quia,
547 2469 615 2510 cum
643 2452 681 2510 de
708 2449 852 2510 miraculo
880 2450 1002 2526 proprie
1024 2451 1106 2509 dicto

117 2541 148 2597 fit
169 2557 282 2611 sermo,
311 2541 406 2615 agitur
426 2551 539 2598 tantum
560 2541 600 2599 de
621 2540 670 2612 iis,
700 2557 777 2616 quae
800 2538 831 2598 in
851 2540 911 2598 hoc
931 2539 1107 2616 aspectabili

117 2646 215 2686 rerum
242 2639 348 2686 natura
374 2630 455 2688 fiunt.
504 2629 634 2688 Proinde
661 2629 774 2705 gratiae
801 2627 1012 2688 sanctificantis
1040 2646 1107 2704 pro·

117 2718 227 2789 ductio,
249 2718 543 2790 transsubstantiatio,
565 2719 667 2777 omnia
688 2718 827 2794 denique,
850 2736 927 2793 quae
948 2717 1062 2794 gratiae
1077 2728 1106 2776 et

118 2804 187 2866 fidei
207 2817 352 2865 vocantur
372 2809 522 2879 miracula,
544 2807 665 2884 proprie
686 2807 828 2866 miracula
849 2825 911 2866 non
932 2817 1007 2866 sunt.

180 3015 282 3067 ¹Pesclr
300 3019 317 3066 l.
337 3033 359 3067 c.
379 3019 412 3076 II,
435 3030 483 3077 241
505 3028 529 3068 et
549 3031 609 3084 257.

178 3093 246 3141 ’ct
266 3097 288 3142 J.
308 3097 338 3144 B.
358 3098 425 3154 Pell,
451 3098 565 3146 Histoire
591 3100 623 3146 de
645 3099 763 3148 l'Ancien
782 3097 930 3149 Testament
947 3099 967 3158 I,
989 3100 1102 3164 20—56.

180 3169 190 3199 ³
208 3171 280 3218 Haec
299 3172 411 3220 miraculi
431 3175 567 3225 declaratio
586 3177 615 3225 fit
634 3178 773 3226 secundum
792 3179 868 3228 Pesclr
888 3178 905 3228 i.
919 3194 941 3227 c.
961 3194 986 3243 p.
1001 3187 1053 3243 375
1067 3196 1102 3245 sq.

117 3245 156 3291 Cf.
175 3246 250 3292 etiarn
268 3248 359 3309 Egger,
379 3249 482 3300 Enchir.
503 3254 580 3304 theol.
601 3255 685 3319 dogm.
705 3273 793 3320 gener.
814 3275 838 3306 n.
860 3258 894 3306 86
913 3273 951 3321 sq.
