2350 3700
183 171 221 205 DE
240 171 367 206 ACTIONE
387 171 424 205 ET
443 171 481 206 DE
502 170 637 207 PASSIONE
657 170 720 206 SIVE
740 171 778 206 DE
798 171 905 207 CAUSIS.
988 170 1038 218 293

485 343 572 372 szc'rto
589 344 604 371 1.

286 427 326 467 na
341 426 442 467 causis
457 425 634 466 auxumam
649 405 805 468 inserens.

296 542 313 610 ᾖ
336 558 357 594 1.
389 546 477 595 Notio
498 561 602 596 musae
621 546 791 609 explanatur.

110 670 291 744 Exemplum
319 687 425 728 causae
452 670 597 728 habemus
624 668 656 726 in
684 668 795 727 artifice
823 678 948 727 statuam
972 686 1040 727 con·

51 756 178 815 ficiente
221 760 302 816 Inter
323 768 448 816 statuam
476 768 505 816 et
532 758 677 817 artificem
698 757 808 817 exsistit
828 758 931 816 relatio
954 776 1041 858 quae-

51 846 120 904 dam
142 846 246 922 realis3
267 846 347 919 item,
370 847 445 905 inter
466 847 609 905 artificem
630 855 803 906 etstatuam
807 848 946 904 Statua
959 846 1039 905 enim

51 936 233 1010 producitur,
249 947 279 995 et
292 893 405 1010 artifex
418 937 497 993 ad
470 955 528 993 eius
542 936 753 1012 productionem
768 947 882 995 confert
915 935 1040 995 Confert

51 1036 150 1084 autern
171 1025 290 1084 actione
311 1043 372 1084 sua
403 1028 516 1083 Verum
535 1044 599 1085 non
620 1025 725 1084 artifex
746 1026 840 1097 solus,
863 1043 915 1084 suo
937 1025 1038 1097 mod0,

17 1153 18 1162 η
50 1115 103 1172 sed
124 1125 156 1172 et
176 1115 250 1185 alia,
281 1114 346 1173 aliis
373 1114 486 1187 modis,
517 1115 633 1173 adstat
592 1124 703 1173 ttuam
724 1113 950 1191 producendam
971 1133 1040 1172 con-

17 1199 158 1261 ’mer-unt
201 1204 327 1262 Confert
354 1222 380 1262 e.
403 1222 432 1279 g.
454 1205 562 1261 lucrum
589 1203 713 1279 speciali
741 1204 872 1275 ratione,
901 1205 1040 1262 inclinans

49 1292 165 1351 scilicet
183 1292 326 1351 artificem
348 1293 386 1351 ad
407 1292 557 1351 actionem
571 1311 653 1351 suam
669 1292 864 1367 eliciendam
885 1293 956 1351 item
971 1311 1040 1351 con-

50 1381 106 1439 fert
126 1400 261 1440 marmor
287 1400 312 1439 e.
335 1401 364 1457 g.
385 1383 534 1458 praebens
554 1384 717 1453 materiam,
748 1400 861 1456 exque
886 1382 1040 1441 conficitur

50 1481 145 1528 statua
166 1481 223 1529 etc
265 1470 348 1528 Hinc
368 1472 500 1547 pluribus
521 1471 620 1530 modis
645 1470 822 1547 specialibus
843 1471 972 1546 singulas
993 1490 1040 1529 res

17 1499 18 1624 i
49 1560 87 1617 ad
104 1559 179 1617 alias
200 1560 410 1635 producendas
424 1561 562 1619 conferre
577 1561 719 1619 videmus
750 1560 865 1634 Quibus
879 1562 1040 1637 specialitus

17 1669 18 1716 ;
47 1650 138 1707 taedis
159 1650 296 1722 neglectis,
318 1667 473 1748 possumus
495 1649 622 1725 proinde
644 1668 681 1708 ex
701 1650 746 1708 his
760 1650 897 1709 omnibus
912 1669 1039 1725 concep-

17 1722 18 1792 i
47 1750 111 1795 mm
129 1737 280 1813 colligere,
304 1738 355 1813 qui
377 1739 490 1797 ratione
512 1757 564 1796 sua
585 1738 733 1798 obiectiva
754 1739 906 1798 contineat
925 1750 1038 1797 tantum

47 1828 120 1887 illud
138 1828 288 1902 «conferre
301 1828 412 1886 adrem
421 1828 660 1905 producendam»,
682 1839 711 1888 et
724 1828 767 1888 sic
781 1828 868 1888 nobis
883 1828 1037 1888 notionem

49 1919 251 1989 efformamus,
274 1935 364 1992 quam
386 1935 527 1976 vocamus
548 1937 677 1977 causam.

108 2007 258 2066 Definitur
278 2007 407 2082 proinde
428 2022 529 2066 causa:
554 2009 600 2076 id,
622 2009 700 2082 qued
716 2009 759 2066 ad
774 2009 892 2065 alieuius
911 2010 956 2065 rei
972 2017 1039 2084 pra

46 2098 203 2154 ductionem
224 2096 337 2170 confert
355 2110 523 2171 quacumque
543 2098 630 2155 mado.

107 2187 145 2243 In
168 2184 366 2261 productione
387 2185 431 2244 rei
446 2205 464 2243 a
478 2204 568 2244 causa
584 2185 690 2262 triplex
711 2187 839 2262 proinde
861 2187 1039 2245 elementum

46 2275 190 2350 distingui
211 2285 323 2352 potest:
349 2295 374 2332 1.
396 2275 485 2347 illud,
508 2275 590 2350 quod
614 2276 653 2334 ad
674 2275 901 2351 productionem
923 2277 1040 2334 confert

17 2434 18 2451 Χ
44 2375 74 2422 et
105 2364 215 2423 dicitur
242 2384 345 2436 caasa·
374 2385 400 2423 2.
429 2364 476 2437 id,
506 2365 588 2440 quod
616 2364 803 2441 producitur,
831 2365 879 2422 vel
908 2365 1039 2438 effectus,·

46 2474 72 2528 3.
104 2453 171 2529 ipse
198 2456 327 2528 influxus
354 2473 461 2513 causae
489 2454 520 2512 in
548 2455 688 2512 effectum
716 2454 958 2530 producendum,
989 2454 1039 2529 qui

44 2554 173 2601 vocatur
192 2545 344 2601 causaliter
365 2539 455 2619 (actio
477 2562 503 2602 e.
525 2561 553 2618 g.
575 2537 714 2617 artificis).

109 2633 161 2690 Ad
174 2632 292 2691 tertium
306 2651 378 2691 vcro
393 2633 465 2691 illud
479 2634 659 2692 elementum
679 2631 740 2690 sive
756 2631 896 2692 influxum
911 2632 1038 2692 maxime

17 2716 18 2719 ’
46 2721 265 2780 attendendum
293 2731 337 2780 est
364 2721 421 2793 illi,
451 2722 503 2796 qui
530 2723 641 2781 claram
670 2739 777 2780 causae
802 2721 956 2781 notionem
984 2723 1039 2781 sibi

16 2800 19 2876 ᾗ
46 2812 211 2868 efformare
232 2811 302 2868 vult.

109 2899 212 2956 Primo
234 2899 315 2956 enirn
337 2899 509 2973 requiritur,
535 2911 567 2958 ut
586 2902 715 2974 influxus
735 2901 782 2957 ille
802 2919 903 2958 reaera
924 2904 1042 2959 exsistat

46 2990 127 3046 inter
147 3005 222 3057 rem,
246 3005 322 3062 quae
338 2988 444 3046 dicitur
459 3008 555 3060 causa,
577 3001 607 3048 et
624 3008 699 3061 eam,
722 3007 800 3064 quae
821 2989 916 3064 ipsam
938 3009 1040 3050 conse·

45 3076 149 3152 quitur
170 3086 202 3134 ut
223 3078 363 3150 effectus3
389 3095 490 3152 neque
511 3077 592 3136 enim
615 3079 722 3138 sufficit
748 3097 828 3136 mera
848 3082 960 3138 conexio
981 3099 1040 3137 eon·

42 3168 196 3224 secationis
216 3168 300 3223 unius
327 3182 394 3237 post
421 3168 542 3224 alterum
563 3163 701 3243 (conexio
724 3163 915 3242 extrinseca),
945 3169 1039 3242 qualis

44 3267 91 3314 est
120 3255 251 3313 conexio
280 3255 500 3314 consecutionis
527 3255 604 3314 inter
624 3274 762 3314 auroram
783 3267 813 3314 et
833 3256 922 3314 diem.
965 3257 1039 3314 Aliis

42 3343 163 3403 verbis:
187 3344 353 3419 requiritur,
376 3355 408 3402 ut
421 3345 547 3403 conexio
566 3343 785 3403 consecutionis
806 3343 883 3402 inter
900 3346 1038 3402 effectum
1127 3355 1161 3420 Α
