<?xml version="1.0" encoding="UTF-8"?>
<!DOCTYPE html PUBLIC "-//W3C//DTD XHTML 1.0 Transitional//EN"
    "http://www.w3.org/TR/xhtml1/DTD/xhtml1-transitional.dtd">
<html xmlns="http://www.w3.org/1999/xhtml" xml:lang="en" lang="en">
 <head>
  <title>
</title>
<meta http-equiv="Content-Type" content="text/html;charset=utf-8" />
  <meta name='ocr-system' content='tesseract 3.04.00' />
  <meta name='ocr-capabilities' content='ocr_page ocr_carea ocr_par ocr_line ocrx_word'/>
</head>
<body>
  <div class='ocr_page' id='page_1' title='image "./elementaphiloso00reingoog_0269.png"; bbox 0 0 2350 3700; ppageno 0'>
   <div class='ocr_carea' id='block_1_1' title="bbox 82 22 213 94">
    <p class='ocr_par' dir='ltr' id='par_1_1' title="bbox 82 22 213 94">
     <span class='ocr_line' id='line_1_1' title="bbox 82 22 213 94; baseline 0 -14"><span class='ocrx_word' id='word_1_1' title='bbox 82 22 213 94; x_wconf 59' lang='lat' dir='ltr'><strong>W</strong></span> 
     </span>
    </p>
   </div>
   <div class='ocr_carea' id='block_1_2' title="bbox 300 153 1026 206">
    <p class='ocr_par' dir='ltr' id='par_1_2' title="bbox 300 153 1026 206">
     <span class='ocr_line' id='line_1_2' title="bbox 300 153 1026 206; baseline 0 -15"><span class='ocrx_word' id='word_1_2' title='bbox 300 154 340 191; x_wconf 76' lang='lat' dir='ltr'><strong>DF.</strong></span> <span class='ocrx_word' id='word_1_3' title='bbox 358 155 495 192; x_wconf 62' lang='lat' dir='ltr'><strong>assurim</strong></span> <span class='ocrx_word' id='word_1_4' title='bbox 515 156 550 191; x_wconf 84' lang='lat' dir='ltr'><strong>ET</strong></span> <span class='ocrx_word' id='word_1_5' title='bbox 569 156 767 193; x_wconf 80' lang='lat' dir='ltr'><strong>EXSISTENTIA.</strong></span> <span class='ocrx_word' id='word_1_6' title='bbox 975 153 1026 206; x_wconf 81' lang='lat'><strong>237</strong></span> 
     </span>
    </p>
   </div>
   <div class='ocr_carea' id='block_1_3' title="bbox 35 301 1029 1189">
    <p class='ocr_par' dir='ltr' id='par_1_3' title="bbox 36 301 1029 644">
     <span class='ocr_line' id='line_1_3' title="bbox 37 301 1029 373; baseline 0.003 -15"><span class='ocrx_word' id='word_1_7' title='bbox 37 301 168 359; x_wconf 88' lang='lat' dir='ltr'><strong>litatibus</strong></span> <span class='ocrx_word' id='word_1_8' title='bbox 188 302 394 373; x_wconf 80' lang='lat' dir='ltr'><strong>constituatur,</strong></span> <span class='ocrx_word' id='word_1_9' title='bbox 423 304 551 361; x_wconf 81' lang='lat' dir='ltr'><strong>essentia</strong></span> <span class='ocrx_word' id='word_1_10' title='bbox 578 304 692 362; x_wconf 92' lang='lat' dir='ltr'><strong>scilicet</strong></span> <span class='ocrx_word' id='word_1_11' title='bbox 719 314 749 361; x_wconf 87' lang='lat' dir='ltr'><strong>et</strong></span> <span class='ocrx_word' id='word_1_12' title='bbox 774 303 951 362; x_wconf 89' lang='lat' dir='ltr'><strong>exsistentia.</strong></span> <span class='ocrx_word' id='word_1_13' title='bbox 994 306 1029 361; x_wconf 92' lang='lat' dir='ltr'><strong>In</strong></span> 
     </span>
     <span class='ocr_line' id='line_1_4' title="bbox 37 391 1029 467; baseline 0.005 -21"><span class='ocrx_word' id='word_1_14' title='bbox 37 391 94 447; x_wconf 86' lang='lat' dir='ltr'><strong>hac</strong></span> <span class='ocrx_word' id='word_1_15' title='bbox 123 408 197 449; x_wconf 88' lang='lat' dir='ltr'><strong>vero</strong></span> <span class='ocrx_word' id='word_1_16' title='bbox 224 392 318 449; x_wconf 89' lang='lat' dir='ltr'><strong>altera</strong></span> <span class='ocrx_word' id='word_1_17' title='bbox 345 392 514 450; x_wconf 88' lang='lat' dir='ltr'><strong>exsistentia</strong></span> <span class='ocrx_word' id='word_1_18' title='bbox 541 393 649 451; x_wconf 88' lang='lat' dir='ltr'><strong>eadem</strong></span> <span class='ocrx_word' id='word_1_19' title='bbox 670 393 734 451; x_wconf 89' lang='lat' dir='ltr'><strong>fieri</strong></span> <span class='ocrx_word' id='word_1_20' title='bbox 762 403 859 467; x_wconf 91' lang='lat' dir='ltr'><strong>potest</strong></span> <span class='ocrx_word' id='word_1_21' title='bbox 880 393 1029 451; x_wconf 90' lang='lat' dir='ltr'><strong>distinctio</strong></span> 
     </span>
     <span class='ocr_line' id='line_1_5' title="bbox 36 480 1027 553; baseline 0.004 -18"><span class='ocrx_word' id='word_1_22' title='bbox 36 480 127 537; x_wconf 90' lang='lat' dir='ltr'><strong>realis</strong></span> <span class='ocrx_word' id='word_1_23' title='bbox 147 480 224 538; x_wconf 91' lang='lat' dir='ltr'><strong>inter</strong></span> <span class='ocrx_word' id='word_1_24' title='bbox 241 480 401 539; x_wconf 86' lang='lat' dir='ltr'><strong>essentiam</strong></span> <span class='ocrx_word' id='word_1_25' title='bbox 421 491 450 539; x_wconf 90' lang='lat' dir='ltr'><strong>et</strong></span> <span class='ocrx_word' id='word_1_26' title='bbox 471 482 679 553; x_wconf 86' lang='lat' dir='ltr'><strong>exsistentiam,</strong></span> <span class='ocrx_word' id='word_1_27' title='bbox 704 491 733 539; x_wconf 91' lang='lat' dir='ltr'><strong>et</strong></span> <span class='ocrx_word' id='word_1_28' title='bbox 754 482 796 539; x_wconf 92' lang='lat' dir='ltr'><strong>sic</strong></span> <span class='ocrx_word' id='word_1_29' title='bbox 817 482 848 538; x_wconf 93' lang='lat' dir='ltr'><strong>in</strong></span> <span class='ocrx_word' id='word_1_30' title='bbox 869 482 1027 540; x_wconf 86' lang='lat' dir='ltr'><strong>infinitum:</strong></span> 
     </span>
     <span class='ocr_line' id='line_1_6' title="bbox 37 569 320 644; baseline -0.004 -19"><span class='ocrx_word' id='word_1_31' title='bbox 37 569 123 641; x_wconf 90' lang='lat' dir='ltr'><strong>quod</strong></span> <span class='ocrx_word' id='word_1_32' title='bbox 144 579 292 644; x_wconf 88' lang='lat' dir='ltr'><strong>repugnat</strong></span> <span class='ocrx_word' id='word_1_33' title='bbox 303 571 320 624; x_wconf 90' lang='lat'><strong>¹.</strong></span> 
     </span>
    </p>

    <p class='ocr_par' dir='ltr' id='par_1_4' title="bbox 35 667 1029 1189">
     <span class='ocr_line' id='line_1_7' title="bbox 99 667 1029 742; baseline 0.004 -19"><span class='ocrx_word' id='word_1_34' title='bbox 99 687 127 725; x_wconf 80' lang='lat'><strong>2.</strong></span> <span class='ocrx_word' id='word_1_35' title='bbox 150 668 225 739; x_wconf 90' lang='lat' dir='ltr'><strong>Alii,</strong></span> <span class='ocrx_word' id='word_1_36' title='bbox 249 668 300 741; x_wconf 92' lang='lat' dir='ltr'><strong>qui</strong></span> <span class='ocrx_word' id='word_1_37' title='bbox 320 667 467 725; x_wconf 76' lang='lat' dir='ltr'><strong>tltamt&#39;stae</strong></span> <span class='ocrx_word' id='word_1_38' title='bbox 485 669 637 738; x_wconf 90' lang='lat' dir='ltr'><strong>dicuntur,</strong></span> <span class='ocrx_word' id='word_1_39' title='bbox 660 669 729 742; x_wconf 87' lang='lat' dir='ltr'><strong>quia</strong></span> <span class='ocrx_word' id='word_1_40' title='bbox 751 669 781 725; x_wconf 91' lang='lat' dir='ltr'><strong>in</strong></span> <span class='ocrx_word' id='word_1_41' title='bbox 803 669 891 727; x_wconf 90' lang='lat' dir='ltr'><strong>rebus</strong></span> <span class='ocrx_word' id='word_1_42' title='bbox 912 679 1029 727; x_wconf 87' lang='lat' dir='ltr'><strong>contro·</strong></span> 
     </span>
     <span class='ocr_line' id='line_1_8' title="bbox 36 757 1029 832; baseline 0.003 -21"><span class='ocrx_word' id='word_1_43' title='bbox 36 757 130 814; x_wconf 85' lang='lat' dir='ltr'><strong>versis</strong></span> <span class='ocrx_word' id='word_1_44' title='bbox 151 757 330 814; x_wconf 89' lang='lat' dir='ltr'><strong>sententiam</strong></span> <span class='ocrx_word' id='word_1_45' title='bbox 351 758 379 814; x_wconf 90' lang='lat' dir='ltr'><strong>S.</strong></span> <span class='ocrx_word' id='word_1_46' title='bbox 402 758 542 815; x_wconf 91' lang='lat' dir='ltr'><strong>Doctoris</strong></span> <span class='ocrx_word' id='word_1_47' title='bbox 563 775 595 815; x_wconf 91' lang='lat' dir='ltr'><strong>se</strong></span> <span class='ocrx_word' id='word_1_48' title='bbox 617 758 691 815; x_wconf 91' lang='lat' dir='ltr'><strong>tueri</strong></span> <span class='ocrx_word' id='word_1_49' title='bbox 716 758 898 832; x_wconf 90' lang='lat' dir='ltr'><strong>profitentur,</strong></span> <span class='ocrx_word' id='word_1_50' title='bbox 921 758 1029 814; x_wconf 68' lang='lat' dir='ltr'><strong>datiar-</strong></span> 
     </span>
     <span class='ocr_line' id='line_1_9' title="bbox 35 845 1028 905; baseline 0.005 -5"><span class='ocrx_word' id='word_1_51' title='bbox 35 847 141 903; x_wconf 83' lang='lat' dir='ltr'><strong>tiancm</strong></span> <span class='ocrx_word' id='word_1_52' title='bbox 160 846 266 903; x_wconf 82' lang='lat' dir='ltr'><strong>realem</strong></span> <span class='ocrx_word' id='word_1_53' title='bbox 292 845 458 903; x_wconf 89' lang='lat' dir='ltr'><strong>admittunt.</strong></span> <span class='ocrx_word' id='word_1_54' title='bbox 500 847 643 904; x_wconf 86' lang='lat' dir='ltr'><strong>Fautores</strong></span> <span class='ocrx_word' id='word_1_55' title='bbox 664 864 736 904; x_wconf 88' lang='lat' dir='ltr'><strong>vero</strong></span> <span class='ocrx_word' id='word_1_56' title='bbox 759 846 843 904; x_wconf 89' lang='lat' dir='ltr'><strong>huius</strong></span> <span class='ocrx_word' id='word_1_57' title='bbox 864 846 1028 905; x_wconf 90' lang='lat' dir='ltr'><strong>sententiae</strong></span> 
     </span>
     <span class='ocr_line' id='line_1_10' title="bbox 35 933 1029 1015; baseline 0.002 -24"><span class='ocrx_word' id='word_1_58' title='bbox 35 935 183 1015; x_wconf 84' lang='lat' dir='ltr'><strong>imprimis</strong></span> <span class='ocrx_word' id='word_1_59' title='bbox 204 945 273 992; x_wconf 90' lang='lat' dir='ltr'><strong>sunt</strong></span> <span class='ocrx_word' id='word_1_60' title='bbox 293 934 416 992; x_wconf 79' lang='lat' dir='ltr'><strong>doctores</strong></span> <span class='ocrx_word' id='word_1_61' title='bbox 439 933 557 992; x_wconf 84' lang='lat' dir='ltr'><strong>Ordinis</strong></span> <span class='ocrx_word' id='word_1_62' title='bbox 579 934 827 1003; x_wconf 78' lang='lat' dir='ltr'><strong>Praedicataram,</strong></span> <span class='ocrx_word' id='word_1_63' title='bbox 856 936 932 993; x_wconf 89' lang='lat' dir='ltr'><strong>inter</strong></span> <span class='ocrx_word' id='word_1_64' title='bbox 954 953 1029 1009; x_wconf 91' lang='lat' dir='ltr'><strong>quos</strong></span> 
     </span>
     <span class='ocr_line' id='line_1_11' title="bbox 38 1023 1029 1091; baseline 0.003 -12"><span class='ocrx_word' id='word_1_65' title='bbox 38 1023 216 1081; x_wconf 75' lang='lat' dir='ltr'><strong>caietanus¹</strong></span> <span class='ocrx_word' id='word_1_66' title='bbox 236 1024 362 1091; x_wconf 88' lang='lat' dir='ltr'><strong>eminet,</strong></span> <span class='ocrx_word' id='word_1_67' title='bbox 387 1024 458 1082; x_wconf 90' lang='lat' dir='ltr'><strong>item</strong></span> <span class='ocrx_word' id='word_1_68' title='bbox 478 1024 615 1081; x_wconf 92' lang='lat' dir='ltr'><strong>nonnulli</strong></span> <span class='ocrx_word' id='word_1_69' title='bbox 637 1042 673 1081; x_wconf 91' lang='lat' dir='ltr'><strong>ex</strong></span> <span class='ocrx_word' id='word_1_70' title='bbox 695 1024 909 1082; x_wconf 89' lang='lat' dir='ltr'><strong>recentioribus</strong></span> <span class='ocrx_word' id='word_1_71' title='bbox 931 1025 1029 1083; x_wconf 88' lang='lat' dir='ltr'><strong>Socie-</strong></span> 
     </span>
     <span class='ocr_line' id='line_1_12' title="bbox 36 1113 857 1189; baseline 0.001 -19"><span class='ocrx_word' id='word_1_72' title='bbox 36 1114 101 1171; x_wconf 85' lang='lat' dir='ltr'><strong>tatis</strong></span> <span class='ocrx_word' id='word_1_73' title='bbox 123 1115 194 1171; x_wconf 91' lang='lat' dir='ltr'><strong>Iesu</strong></span> <span class='ocrx_word' id='word_1_74' title='bbox 213 1113 416 1189; x_wconf 84' lang='lat' dir='ltr'><strong>scriptoribus,</strong></span> <span class='ocrx_word' id='word_1_75' title='bbox 437 1123 469 1170; x_wconf 89' lang='lat' dir='ltr'><strong>ut</strong></span> <span class='ocrx_word' id='word_1_76' title='bbox 489 1113 672 1184; x_wconf 90' lang='lat' dir='ltr'><strong>Liberatore,</strong></span> <span class='ocrx_word' id='word_1_77' title='bbox 696 1113 857 1171; x_wconf 83' lang='lat' dir='ltr'><strong>Schisfini⁸.</strong></span> 
     </span>
    </p>
   </div>
   <div class='ocr_carea' id='block_1_4' title="bbox 94 1211 1026 1286">
    <p class='ocr_par' dir='ltr' id='par_1_5' title="bbox 94 1211 1026 1286">
     <span class='ocr_line' id='line_1_13' title="bbox 94 1211 1026 1286; baseline 0.002 -18"><span class='ocrx_word' id='word_1_78' title='bbox 94 1212 244 1269; x_wconf 86' lang='lat' dir='ltr'><strong>Rationes</strong></span> <span class='ocrx_word' id='word_1_79' title='bbox 254 1228 334 1281; x_wconf 91' lang='lat' dir='ltr'><strong>vero,</strong></span> <span class='ocrx_word' id='word_1_80' title='bbox 346 1211 452 1286; x_wconf 90' lang='lat' dir='ltr'><strong>quibus</strong></span> <span class='ocrx_word' id='word_1_81' title='bbox 462 1211 639 1269; x_wconf 90' lang='lat' dir='ltr'><strong>sententiam</strong></span> <span class='ocrx_word' id='word_1_82' title='bbox 649 1230 732 1269; x_wconf 87' lang='lat' dir='ltr'><strong>suam</strong></span> <span class='ocrx_word' id='word_1_83' title='bbox 742 1213 867 1283; x_wconf 87' lang='lat' dir='ltr'><strong>firmant,</strong></span> <span class='ocrx_word' id='word_1_84' title='bbox 880 1212 937 1270; x_wconf 91' lang='lat' dir='ltr'><strong>hae</strong></span> <span class='ocrx_word' id='word_1_85' title='bbox 948 1222 1026 1270; x_wconf 91' lang='lat' dir='ltr'><strong>sunt:</strong></span> 
     </span>
    </p>
   </div>
   <div class='ocr_carea' id='block_1_5' title="bbox 31 1303 1029 3168">
    <p class='ocr_par' dir='ltr' id='par_1_6' title="bbox 31 1303 1029 2171">
     <span class='ocr_line' id='line_1_14' title="bbox 94 1303 1029 1385; baseline 0.001 -18"><span class='ocrx_word' id='word_1_86' title='bbox 94 1303 127 1385; x_wconf 86' lang='lat' dir='ltr'><strong>a)</strong></span> <span class='ocrx_word' id='word_1_87' title='bbox 156 1309 392 1380; x_wconf 89' lang='lat' dir='ltr'><strong>Obscuritatem,</strong></span> <span class='ocrx_word' id='word_1_88' title='bbox 422 1327 512 1383; x_wconf 91' lang='lat' dir='ltr'><strong>quam</strong></span> <span class='ocrx_word' id='word_1_89' title='bbox 533 1308 694 1368; x_wconf 87' lang='lat' dir='ltr'><strong>adversarii</strong></span> <span class='ocrx_word' id='word_1_90' title='bbox 715 1310 746 1366; x_wconf 92' lang='lat' dir='ltr'><strong>in</strong></span> <span class='ocrx_word' id='word_1_91' title='bbox 767 1309 957 1368; x_wconf 90' lang='lat' dir='ltr'><strong>distinctione</strong></span> <span class='ocrx_word' id='word_1_92' title='bbox 978 1311 1029 1368; x_wconf 91' lang='lat' dir='ltr'><strong>illa</strong></span> 
     </span>
     <span class='ocr_line' id='line_1_15' title="bbox 35 1398 1028 1474; baseline 0.003 -20"><span class='ocrx_word' id='word_1_93' title='bbox 35 1398 272 1474; x_wconf 85' lang='lat' dir='ltr'><strong>reprehendunt,</strong></span> <span class='ocrx_word' id='word_1_94' title='bbox 297 1398 367 1473; x_wconf 91' lang='lat' dir='ltr'><strong>ipsis</strong></span> <span class='ocrx_word' id='word_1_95' title='bbox 387 1398 459 1456; x_wconf 86' lang='lat' dir='ltr'><strong>vitio</strong></span> <span class='ocrx_word' id='word_1_96' title='bbox 480 1398 560 1469; x_wconf 90' lang='lat' dir='ltr'><strong>dant,</strong></span> <span class='ocrx_word' id='word_1_97' title='bbox 583 1400 736 1473; x_wconf 90' lang='lat' dir='ltr'><strong>quianon</strong></span> <span class='ocrx_word' id='word_1_98' title='bbox 758 1400 826 1456; x_wconf 89' lang='lat' dir='ltr'><strong>satis</strong></span> <span class='ocrx_word' id='word_1_99' title='bbox 847 1399 1028 1473; x_wconf 87' lang='lat' dir='ltr'><strong>distinguant</strong></span> 
     </span>
     <span class='ocr_line' id='line_1_16' title="bbox 32 1488 1027 1562; baseline 0.002 -19"><span class='ocrx_word' id='word_1_100' title='bbox 32 1488 110 1547; x_wconf 91' lang='lat' dir='ltr'><strong>inter</strong></span> <span class='ocrx_word' id='word_1_101' title='bbox 134 1488 281 1546; x_wconf 88' lang='lat' dir='ltr'><strong>essentiae</strong></span> <span class='ocrx_word' id='word_1_102' title='bbox 307 1488 428 1545; x_wconf 89' lang='lat' dir='ltr'><strong>actualis</strong></span> <span class='ocrx_word' id='word_1_103' title='bbox 458 1488 617 1545; x_wconf 82' lang='lat' dir='ltr'><strong>realitatcm</strong></span> <span class='ocrx_word' id='word_1_104' title='bbox 647 1498 677 1546; x_wconf 92' lang='lat' dir='ltr'><strong>et</strong></span> <span class='ocrx_word' id='word_1_105' title='bbox 708 1488 798 1562; x_wconf 91' lang='lat' dir='ltr'><strong>ipsius</strong></span> <span class='ocrx_word' id='word_1_106' title='bbox 828 1489 1027 1545; x_wconf 81' lang='lat' dir='ltr'><strong>actualitatem.</strong></span> 
     </span>
     <span class='ocr_line' id='line_1_17' title="bbox 32 1576 1026 1647; baseline -0.002 -12"><span class='ocrx_word' id='word_1_107' title='bbox 32 1576 176 1635; x_wconf 86' lang='lat' dir='ltr'><strong>Essentia</strong></span> <span class='ocrx_word' id='word_1_108' title='bbox 196 1576 275 1633; x_wconf 89' lang='lat' dir='ltr'><strong>enim</strong></span> <span class='ocrx_word' id='word_1_109' title='bbox 297 1577 427 1647; x_wconf 89' lang='lat' dir='ltr'><strong>actualis,</strong></span> <span class='ocrx_word' id='word_1_110' title='bbox 450 1576 492 1633; x_wconf 91' lang='lat' dir='ltr'><strong>sic</strong></span> <span class='ocrx_word' id='word_1_111' title='bbox 514 1576 641 1647; x_wconf 90' lang='lat' dir='ltr'><strong>docent,</strong></span> <span class='ocrx_word' id='word_1_112' title='bbox 663 1595 682 1633; x_wconf 90' lang='lat' dir='ltr'><strong>a</strong></span> <span class='ocrx_word' id='word_1_113' title='bbox 702 1595 754 1633; x_wconf 90' lang='lat' dir='ltr'><strong>sua</strong></span> <span class='ocrx_word' id='word_1_114' title='bbox 775 1577 944 1634; x_wconf 89' lang='lat' dir='ltr'><strong>exsistentia</strong></span> <span class='ocrx_word' id='word_1_115' title='bbox 964 1596 1026 1635; x_wconf 90' lang='lat' dir='ltr'><strong>non</strong></span> 
     </span>
     <span class='ocr_line' id='line_1_18' title="bbox 32 1665 1025 1740; baseline 0.001 -18"><span class='ocrx_word' id='word_1_116' title='bbox 32 1667 188 1740; x_wconf 89' lang='lat' dir='ltr'><strong>complete</strong></span> <span class='ocrx_word' id='word_1_117' title='bbox 213 1665 371 1723; x_wconf 87' lang='lat' dir='ltr'><strong>intrinsece</strong></span> <span class='ocrx_word' id='word_1_118' title='bbox 393 1666 593 1736; x_wconf 88' lang='lat' dir='ltr'><strong>constituitur,</strong></span> <span class='ocrx_word' id='word_1_119' title='bbox 622 1665 675 1723; x_wconf 92' lang='lat' dir='ltr'><strong>sed</strong></span> <span class='ocrx_word' id='word_1_120' title='bbox 703 1666 884 1740; x_wconf 88' lang='lat' dir='ltr'><strong>incomplete</strong></span> <span class='ocrx_word' id='word_1_121' title='bbox 913 1676 1025 1723; x_wconf 83' lang='lat' dir='ltr'><strong>tanturn</strong></span> 
     </span>
     <span class='ocr_line' id='line_1_19' title="bbox 31 1752 1024 1830; baseline 0 -19"><span class='ocrx_word' id='word_1_122' title='bbox 31 1757 78 1812; x_wconf 91' lang='lat' dir='ltr'><strong>vel</strong></span> <span class='ocrx_word' id='word_1_123' title='bbox 101 1752 208 1829; x_wconf 90' lang='lat' dir='ltr'><strong>quoad</strong></span> <span class='ocrx_word' id='word_1_124' title='bbox 228 1763 344 1829; x_wconf 90' lang='lat' dir='ltr'><strong>partem</strong></span> <span class='ocrx_word' id='word_1_125' title='bbox 365 1764 397 1811; x_wconf 92' lang='lat' dir='ltr'><strong>ut</strong></span> <span class='ocrx_word' id='word_1_126' title='bbox 409 1774 428 1811; x_wconf 89' lang='lat' dir='ltr'><strong>a</strong></span> <span class='ocrx_word' id='word_1_127' title='bbox 442 1755 669 1829; x_wconf 84' lang='lat' dir='ltr'><strong>comprincipia.</strong></span> <span class='ocrx_word' id='word_1_128' title='bbox 705 1755 754 1812; x_wconf 91' lang='lat' dir='ltr'><strong>Ab</strong></span> <span class='ocrx_word' id='word_1_129' title='bbox 776 1754 840 1830; x_wconf 92' lang='lat' dir='ltr'><strong>ipsa</strong></span> <span class='ocrx_word' id='word_1_130' title='bbox 862 1756 942 1812; x_wconf 91' lang='lat' dir='ltr'><strong>enim</strong></span> <span class='ocrx_word' id='word_1_131' title='bbox 962 1772 1024 1811; x_wconf 93' lang='lat' dir='ltr'><strong>non</strong></span> 
     </span>
     <span class='ocr_line' id='line_1_20' title="bbox 32 1843 1024 1919; baseline 0.002 -19"><span class='ocrx_word' id='word_1_132' title='bbox 32 1844 127 1903; x_wconf 87' lang='lat' dir='ltr'><strong>habet</strong></span> <span class='ocrx_word' id='word_1_133' title='bbox 156 1862 241 1901; x_wconf 90' lang='lat' dir='ltr'><strong>suam</strong></span> <span class='ocrx_word' id='word_1_134' title='bbox 270 1843 428 1900; x_wconf 83' lang='lat' dir='ltr'><strong>realitatem</strong></span> <span class='ocrx_word' id='word_1_135' title='bbox 457 1844 505 1902; x_wconf 94' lang='lat' dir='ltr'><strong>vel</strong></span> <span class='ocrx_word' id='word_1_136' title='bbox 533 1863 618 1902; x_wconf 91' lang='lat' dir='ltr'><strong>suum</strong></span> <span class='ocrx_word' id='word_1_137' title='bbox 648 1861 713 1902; x_wconf 91' lang='lat' dir='ltr'><strong>esse</strong></span> <span class='ocrx_word' id='word_1_138' title='bbox 743 1844 932 1919; x_wconf 87' lang='lat' dir='ltr'><strong>specificum,</strong></span> <span class='ocrx_word' id='word_1_139' title='bbox 964 1863 1024 1918; x_wconf 86' lang='lat' dir='ltr'><strong>quo</strong></span> 
     </span>
     <span class='ocr_line' id='line_1_21' title="bbox 34 1933 1026 2004; baseline -0.001 -14"><span class='ocrx_word' id='word_1_140' title='bbox 34 1935 150 1991; x_wconf 91' lang='lat' dir='ltr'><strong>scilicet</strong></span> <span class='ocrx_word' id='word_1_141' title='bbox 171 1933 208 1989; x_wconf 89' lang='lat' dir='ltr'><strong>sit</strong></span> <span class='ocrx_word' id='word_1_142' title='bbox 228 1934 293 1991; x_wconf 89' lang='lat' dir='ltr'><strong>talis</strong></span> <span class='ocrx_word' id='word_1_143' title='bbox 313 1934 361 1991; x_wconf 88' lang='lat' dir='ltr'><strong>vel</strong></span> <span class='ocrx_word' id='word_1_144' title='bbox 382 1933 447 1990; x_wconf 90' lang='lat' dir='ltr'><strong>talis</strong></span> <span class='ocrx_word' id='word_1_145' title='bbox 467 1944 600 2004; x_wconf 88' lang='lat' dir='ltr'><strong>naturae,</strong></span> <span class='ocrx_word' id='word_1_146' title='bbox 623 1933 675 1990; x_wconf 89' lang='lat' dir='ltr'><strong>sed</strong></span> <span class='ocrx_word' id='word_1_147' title='bbox 696 1943 809 1991; x_wconf 88' lang='lat' dir='ltr'><strong>tantum</strong></span> <span class='ocrx_word' id='word_1_148' title='bbox 831 1952 913 1991; x_wconf 85' lang='lat' dir='ltr'><strong>suam</strong></span> <span class='ocrx_word' id='word_1_149' title='bbox 934 1941 1026 1990; x_wconf 71' lang='lat' dir='ltr'><strong>atteia-</strong></span> 
     </span>
     <span class='ocr_line' id='line_1_22' title="bbox 35 2021 1027 2096; baseline 0.001 -18"><span class='ocrx_word' id='word_1_150' title='bbox 35 2024 153 2091; x_wconf 84' lang='lat' dir='ltr'><strong>litatcm,</strong></span> <span class='ocrx_word' id='word_1_151' title='bbox 178 2021 208 2079; x_wconf 91' lang='lat' dir='ltr'><strong>id</strong></span> <span class='ocrx_word' id='word_1_152' title='bbox 223 2022 345 2091; x_wconf 91' lang='lat' dir='ltr'><strong>scilicet,</strong></span> <span class='ocrx_word' id='word_1_153' title='bbox 368 2039 428 2095; x_wconf 92' lang='lat' dir='ltr'><strong>quo</strong></span> <span class='ocrx_word' id='word_1_154' title='bbox 442 2022 481 2092; x_wconf 88' lang='lat' dir='ltr'><strong>fit,</strong></span> <span class='ocrx_word' id='word_1_155' title='bbox 503 2032 535 2079; x_wconf 93' lang='lat' dir='ltr'><strong>ut</strong></span> <span class='ocrx_word' id='word_1_156' title='bbox 549 2022 667 2080; x_wconf 88' lang='lat' dir='ltr'><strong>exsistat</strong></span> <span class='ocrx_word' id='word_1_157' title='bbox 687 2023 719 2078; x_wconf 92' lang='lat' dir='ltr'><strong>in</strong></span> <span class='ocrx_word' id='word_1_158' title='bbox 733 2022 783 2080; x_wconf 87' lang='lat' dir='ltr'><strong>tali</strong></span> <span class='ocrx_word' id='word_1_159' title='bbox 804 2023 852 2080; x_wconf 87' lang='lat' dir='ltr'><strong>vel</strong></span> <span class='ocrx_word' id='word_1_160' title='bbox 869 2023 918 2079; x_wconf 88' lang='lat' dir='ltr'><strong>tali</strong></span> <span class='ocrx_word' id='word_1_161' title='bbox 933 2023 1027 2096; x_wconf 87' lang='lat' dir='ltr'><strong>gradu</strong></span> 
     </span>
     <span class='ocr_line' id='line_1_23' title="bbox 35 2112 201 2171; baseline -0.006 -2"><span class='ocrx_word' id='word_1_162' title='bbox 35 2112 169 2171; x_wconf 89' lang='lat' dir='ltr'><strong>entitatis</strong></span> <span class='ocrx_word' id='word_1_163' title='bbox 182 2113 201 2168; x_wconf 79' lang='lat'><strong>⁴.</strong></span> 
     </span>
    </p>

    <p class='ocr_par' dir='ltr' id='par_1_7' title="bbox 95 2303 832 2369">
     <span class='ocr_line' id='line_1_24' title="bbox 95 2303 832 2369; baseline 0.001 -17"><span class='ocrx_word' id='word_1_164' title='bbox 95 2303 105 2334; x_wconf 93' lang='lat'><strong>¹</strong></span> <span class='ocrx_word' id='word_1_165' title='bbox 127 2304 170 2352; x_wconf 81' lang='lat' dir='ltr'><strong>cf.</strong></span> <span class='ocrx_word' id='word_1_166' title='bbox 190 2304 307 2363; x_wconf 79' lang='lat' dir='ltr'><strong>Lehmen,</strong></span> <span class='ocrx_word' id='word_1_167' title='bbox 326 2304 464 2354; x_wconf 91' lang='lat' dir='ltr'><strong>Lehrbuch</strong></span> <span class='ocrx_word' id='word_1_168' title='bbox 484 2304 530 2352; x_wconf 89' lang='lat' dir='ltr'><strong>der</strong></span> <span class='ocrx_word' id='word_1_169' title='bbox 548 2305 713 2369; x_wconf 91' lang='lat' dir='ltr'><strong>Philosophie</strong></span> <span class='ocrx_word' id='word_1_170' title='bbox 732 2305 752 2363; x_wconf 91' lang='lat' dir='ltr'><strong>l,</strong></span> <span class='ocrx_word' id='word_1_171' title='bbox 774 2317 832 2368; x_wconf 81' lang='lat'><strong>337.</strong></span> 
     </span>
    </p>

    <p class='ocr_par' dir='ltr' id='par_1_8' title="bbox 35 2382 1028 2688">
     <span class='ocr_line' id='line_1_25' title="bbox 93 2382 1027 2448; baseline 0.001 -17"><span class='ocrx_word' id='word_1_172' title='bbox 93 2383 106 2415; x_wconf 76' lang='lat'>²</span> <span class='ocrx_word' id='word_1_173' title='bbox 126 2384 168 2432; x_wconf 85' lang='lat' dir='ltr'><strong>Ex</strong></span> <span class='ocrx_word' id='word_1_174' title='bbox 187 2382 286 2432; x_wconf 89' lang='lat' dir='ltr'><strong>Ordine</strong></span> <span class='ocrx_word' id='word_1_175' title='bbox 307 2383 510 2433; x_wconf 82' lang='lat' dir='ltr'><strong>Praedicatorum</strong></span> <span class='ocrx_word' id='word_1_176' title='bbox 536 2384 689 2432; x_wconf 86' lang='lat' dir='ltr'><strong>clarissimus</strong></span> <span class='ocrx_word' id='word_1_177' title='bbox 716 2385 742 2433; x_wconf 87' lang='lat' dir='ltr'><strong>P.</strong></span> <span class='ocrx_word' id='word_1_178' title='bbox 764 2385 854 2448; x_wconf 91' lang='lat' dir='ltr'><strong>Lepidi</strong></span> <span class='ocrx_word' id='word_1_179' title='bbox 880 2385 1027 2432; x_wconf 87' lang='lat' dir='ltr'><strong>sententiam</strong></span> 
     </span>
     <span class='ocr_line' id='line_1_26' title="bbox 35 2464 1028 2529; baseline -0.004 -15"><span class='ocrx_word' id='word_1_180' title='bbox 35 2465 189 2514; x_wconf 82' lang='lat' dir='ltr'><strong>contrariam</strong></span> <span class='ocrx_word' id='word_1_181' title='bbox 208 2472 284 2512; x_wconf 91' lang='lat' dir='ltr'><strong>tenet.</strong></span> <span class='ocrx_word' id='word_1_182' title='bbox 325 2464 399 2512; x_wconf 80' lang='lat' dir='ltr'><strong>«Non</strong></span> <span class='ocrx_word' id='word_1_183' title='bbox 418 2473 457 2512; x_wconf 90' lang='lat' dir='ltr'><strong>est</strong></span> <span class='ocrx_word' id='word_1_184' title='bbox 475 2480 540 2525; x_wconf 79' lang='lat' dir='ltr'><strong>res»,</strong></span> <span class='ocrx_word' id='word_1_185' title='bbox 561 2464 651 2528; x_wconf 90' lang='lat' dir='ltr'><strong>inquit,</strong></span> <span class='ocrx_word' id='word_1_186' title='bbox 675 2464 773 2529; x_wconf 74' lang='lat' dir='ltr'><strong>«magni</strong></span> <span class='ocrx_word' id='word_1_187' title='bbox 793 2465 925 2522; x_wconf 90' lang='lat' dir='ltr'><strong>momenti,</strong></span> <span class='ocrx_word' id='word_1_188' title='bbox 946 2471 973 2512; x_wconf 91' lang='lat' dir='ltr'><strong>ut</strong></span> <span class='ocrx_word' id='word_1_189' title='bbox 992 2480 1028 2511; x_wconf 85' lang='lat' dir='ltr'><strong>sa-</strong></span> 
     </span>
     <span class='ocr_line' id='line_1_27' title="bbox 35 2544 1027 2608; baseline -0.003 -14"><span class='ocrx_word' id='word_1_190' title='bbox 35 2547 137 2608; x_wconf 89' lang='lat' dir='ltr'><strong>pienter</strong></span> <span class='ocrx_word' id='word_1_191' title='bbox 157 2544 265 2592; x_wconf 84' lang='lat' dir='ltr'><strong>advertit</strong></span> <span class='ocrx_word' id='word_1_192' title='bbox 278 2545 428 2594; x_wconf 89' lang='lat' dir='ltr'><strong>Dominieus</strong></span> <span class='ocrx_word' id='word_1_193' title='bbox 441 2544 510 2604; x_wconf 80' lang='lat' dir='ltr'><strong>Solo,</strong></span> <span class='ocrx_word' id='word_1_194' title='bbox 531 2560 625 2608; x_wconf 86' lang='lat' dir='ltr'><strong>negare</strong></span> <span class='ocrx_word' id='word_1_195' title='bbox 643 2545 829 2593; x_wconf 89' lang='lat' dir='ltr'><strong>distinctionem</strong></span> <span class='ocrx_word' id='word_1_196' title='bbox 842 2544 933 2591; x_wconf 90' lang='lat' dir='ltr'><strong>realem</strong></span> <span class='ocrx_word' id='word_1_197' title='bbox 947 2559 1027 2591; x_wconf 89' lang='lat' dir='ltr'><strong>essen·</strong></span> 
     </span>
     <span class='ocr_line' id='line_1_28' title="bbox 36 2621 778 2688; baseline 0 -16"><span class='ocrx_word' id='word_1_198' title='bbox 36 2627 81 2674; x_wconf 81' lang='lat' dir='ltr'><strong>tiae</strong></span> <span class='ocrx_word' id='word_1_199' title='bbox 103 2635 130 2673; x_wconf 87' lang='lat' dir='ltr'><strong>et</strong></span> <span class='ocrx_word' id='word_1_200' title='bbox 151 2624 325 2672; x_wconf 79' lang='lat' dir='ltr'><strong>exsistentiae»</strong></span> <span class='ocrx_word' id='word_1_201' title='bbox 349 2621 443 2687; x_wconf 88' lang='lat' dir='ltr'><strong>(Elem.</strong></span> <span class='ocrx_word' id='word_1_202' title='bbox 463 2625 526 2688; x_wconf 91' lang='lat' dir='ltr'><strong>phil.</strong></span> <span class='ocrx_word' id='word_1_203' title='bbox 547 2625 632 2675; x_wconf 90' lang='lat' dir='ltr'><strong>christ.</strong></span> <span class='ocrx_word' id='word_1_204' title='bbox 653 2625 685 2683; x_wconf 91' lang='lat' dir='ltr'><strong>ll,</strong></span> <span class='ocrx_word' id='word_1_205' title='bbox 709 2636 739 2685; x_wconf 88' lang='lat'><strong>17</strong></span> <span class='ocrx_word' id='word_1_206' title='bbox 761 2622 778 2686; x_wconf 93' lang='lat'><strong>).</strong></span> 
     </span>
    </p>

    <p class='ocr_par' dir='ltr' id='par_1_9' title="bbox 36 2702 1029 2848">
     <span class='ocr_line' id='line_1_29' title="bbox 96 2702 1029 2766; baseline -0.002 -14"><span class='ocrx_word' id='word_1_207' title='bbox 96 2705 108 2734; x_wconf 80' lang='lat'><strong>⁸</strong></span> <span class='ocrx_word' id='word_1_208' title='bbox 127 2703 231 2752; x_wconf 89' lang='lat' dir='ltr'><strong>Nostris</strong></span> <span class='ocrx_word' id='word_1_209' title='bbox 251 2704 341 2752; x_wconf 88' lang='lat' dir='ltr'><strong>diebus</strong></span> <span class='ocrx_word' id='word_1_210' title='bbox 359 2704 384 2752; x_wconf 91' lang='lat' dir='ltr'><strong>in</strong></span> <span class='ocrx_word' id='word_1_211' title='bbox 404 2706 515 2753; x_wconf 85' lang='lat' dir='ltr'><strong>favorem</strong></span> <span class='ocrx_word' id='word_1_212' title='bbox 534 2705 703 2754; x_wconf 89' lang='lat' dir='ltr'><strong>distinctionis</strong></span> <span class='ocrx_word' id='word_1_213' title='bbox 723 2704 796 2752; x_wconf 88' lang='lat' dir='ltr'><strong>realis</strong></span> <span class='ocrx_word' id='word_1_214' title='bbox 817 2702 927 2753; x_wconf 90' lang='lat' dir='ltr'><strong>dilucide</strong></span> <span class='ocrx_word' id='word_1_215' title='bbox 945 2703 1029 2766; x_wconf 90' lang='lat' dir='ltr'><strong>dispu-</strong></span> 
     </span>
     <span class='ocr_line' id='line_1_30' title="bbox 36 2783 463 2848; baseline 0 -14"><span class='ocrx_word' id='word_1_216' title='bbox 36 2787 99 2836; x_wconf 88' lang='lat' dir='ltr'><strong>tavit</strong></span> <span class='ocrx_word' id='word_1_217' title='bbox 119 2785 230 2834; x_wconf 80' lang='lat' dir='ltr'><strong>Mcrcicr</strong></span> <span class='ocrx_word' id='word_1_218' title='bbox 248 2783 264 2833; x_wconf 91' lang='lat' dir='ltr'><strong>l.</strong></span> <span class='ocrx_word' id='word_1_219' title='bbox 284 2799 306 2834; x_wconf 90' lang='lat' dir='ltr'><strong>c.</strong></span> <span class='ocrx_word' id='word_1_220' title='bbox 326 2799 352 2848; x_wconf 88' lang='lat' dir='ltr'><strong>p.</strong></span> <span class='ocrx_word' id='word_1_221' title='bbox 373 2796 406 2846; x_wconf 86' lang='lat'><strong>29</strong></span> <span class='ocrx_word' id='word_1_222' title='bbox 426 2801 463 2848; x_wconf 87' lang='lat' dir='ltr'><strong>sq.</strong></span> 
     </span>
    </p>

    <p class='ocr_par' dir='ltr' id='par_1_10' title="bbox 36 2862 1029 3168">
     <span class='ocr_line' id='line_1_31' title="bbox 97 2862 1028 2928; baseline -0.002 -16"><span class='ocrx_word' id='word_1_223' title='bbox 97 2863 110 2894; x_wconf 91' lang='lat'><strong>⁴</strong></span> <span class='ocrx_word' id='word_1_224' title='bbox 133 2863 186 2912; x_wconf 69' lang='lat' dir='ltr'><strong>«1ae</strong></span> <span class='ocrx_word' id='word_1_225' title='bbox 211 2864 321 2928; x_wconf 89' lang='lat' dir='ltr'><strong>premier</strong></span> <span class='ocrx_word' id='word_1_226' title='bbox 345 2872 396 2912; x_wconf 90' lang='lat' dir='ltr'><strong>tort</strong></span> <span class='ocrx_word' id='word_1_227' title='bbox 421 2865 466 2912; x_wconf 88' lang='lat' dir='ltr'><strong>des</strong></span> <span class='ocrx_word' id='word_1_228' title='bbox 492 2864 648 2913; x_wconf 83' lang='lat' dir='ltr'><strong>edversaires</strong></span> <span class='ocrx_word' id='word_1_229' title='bbox 674 2864 705 2911; x_wconf 91' lang='lat' dir='ltr'><strong>de</strong></span> <span class='ocrx_word' id='word_1_230' title='bbox 731 2862 756 2910; x_wconf 87' lang='lat' dir='ltr'><strong>la</strong></span> <span class='ocrx_word' id='word_1_231' title='bbox 780 2862 925 2911; x_wconf 88' lang='lat' dir='ltr'><strong>distinction</strong></span> <span class='ocrx_word' id='word_1_232' title='bbox 951 2863 1028 2912; x_wconf 90' lang='lat' dir='ltr'><strong>re&#39;elle</strong></span> 
     </span>
     <span class='ocr_line' id='line_1_32' title="bbox 36 2941 1029 3008; baseline -0.006 -12"><span class='ocrx_word' id='word_1_233' title='bbox 36 2957 110 2996; x_wconf 81' lang='lat' dir='ltr'><strong>entre</strong></span> <span class='ocrx_word' id='word_1_234' title='bbox 128 2945 252 2992; x_wconf 83' lang='lat' dir='ltr'><strong>l’essenee</strong></span> <span class='ocrx_word' id='word_1_235' title='bbox 271 2952 297 2992; x_wconf 88' lang='lat' dir='ltr'><strong>et</strong></span> <span class='ocrx_word' id='word_1_236' title='bbox 315 2943 475 3004; x_wconf 86' lang='lat' dir='ltr'><strong>l&#39;existence,</strong></span> <span class='ocrx_word' id='word_1_237' title='bbox 502 2943 564 2992; x_wconf 89' lang='lat' dir='ltr'><strong>c&#39;est</strong></span> <span class='ocrx_word' id='word_1_238' title='bbox 582 2942 626 3008; x_wconf 92' lang='lat' dir='ltr'><strong>d’y</strong></span> <span class='ocrx_word' id='word_1_239' title='bbox 644 2958 755 3007; x_wconf 85' lang='lat' dir='ltr'><strong>opposer</strong></span> <span class='ocrx_word' id='word_1_240' title='bbox 774 2958 824 2990; x_wconf 91' lang='lat' dir='ltr'><strong>une</strong></span> <span class='ocrx_word' id='word_1_241' title='bbox 843 2949 909 2990; x_wconf 88' lang='lat' dir='ltr'><strong>sorte</strong></span> <span class='ocrx_word' id='word_1_242' title='bbox 936 2943 968 2990; x_wconf 85' lang='lat' dir='ltr'><strong>de</strong></span> <span class='ocrx_word' id='word_1_243' title='bbox 995 2941 1029 2990; x_wconf 89' lang='lat' dir='ltr'><strong>fin</strong></span> 
     </span>
     <span class='ocr_line' id='line_1_33' title="bbox 36 3020 1029 3088; baseline -0.008 -12"><span class='ocrx_word' id='word_1_244' title='bbox 36 3025 67 3076; x_wconf 78' lang='lat' dir='ltr'><strong>de</strong></span> <span class='ocrx_word' id='word_1_245' title='bbox 87 3024 280 3082; x_wconf 87' lang='lat' dir='ltr'><strong>non-recevoir,</strong></span> <span class='ocrx_word' id='word_1_246' title='bbox 306 3038 383 3088; x_wconf 86' lang='lat' dir='ltr'><strong>parce</strong></span> <span class='ocrx_word' id='word_1_247' title='bbox 406 3022 481 3088; x_wconf 83' lang='lat' dir='ltr'><strong>qu&#39;ils</strong></span> <span class='ocrx_word' id='word_1_248' title='bbox 499 3033 544 3072; x_wconf 92' lang='lat' dir='ltr'><strong>ont</strong></span> <span class='ocrx_word' id='word_1_249' title='bbox 562 3024 638 3088; x_wconf 91' lang='lat' dir='ltr'><strong>peine</strong></span> <span class='ocrx_word' id='word_1_250' title='bbox 658 3020 673 3069; x_wconf 77' lang='grc' dir='ltr'>ὲ</span> <span class='ocrx_word' id='word_1_251' title='bbox 690 3024 714 3070; x_wconf 86' lang='lat' dir='ltr'><strong>la</strong></span> <span class='ocrx_word' id='word_1_252' title='bbox 733 3021 908 3086; x_wconf 90' lang='lat' dir='ltr'><strong>comprendre.</strong></span> <span class='ocrx_word' id='word_1_253' title='bbox 947 3021 979 3069; x_wconf 90' lang='lat' dir='ltr'><strong>Et</strong></span> <span class='ocrx_word' id='word_1_254' title='bbox 999 3021 1029 3068; x_wconf 88' lang='lat' dir='ltr'><strong>ils</strong></span> 
     </span>
     <span class='ocr_line' id='line_1_34' title="bbox 37 3100 1029 3168; baseline -0.005 -14"><span class='ocrx_word' id='word_1_255' title='bbox 37 3116 82 3167; x_wconf 77' lang='lat' dir='ltr'><strong>unt</strong></span> <span class='ocrx_word' id='word_1_256' title='bbox 102 3105 179 3168; x_wconf 90' lang='lat' dir='ltr'><strong>peine</strong></span> <span class='ocrx_word' id='word_1_257' title='bbox 200 3100 215 3152; x_wconf 69' lang='lat' dir='ltr'><strong>a</strong></span> <span class='ocrx_word' id='word_1_258' title='bbox 232 3103 257 3151; x_wconf 86' lang='lat' dir='ltr'><strong>la</strong></span> <span class='ocrx_word' id='word_1_259' title='bbox 276 3104 443 3168; x_wconf 86' lang='lat' dir='ltr'><strong>comprendre</strong></span> <span class='ocrx_word' id='word_1_260' title='bbox 461 3120 537 3168; x_wconf 83' lang='lat' dir='ltr'><strong>parce</strong></span> <span class='ocrx_word' id='word_1_261' title='bbox 554 3103 630 3167; x_wconf 91' lang='lat' dir='ltr'><strong>qu&#39;ils</strong></span> <span class='ocrx_word' id='word_1_262' title='bbox 649 3111 741 3168; x_wconf 91' lang='lat' dir='ltr'><strong>posent</strong></span> <span class='ocrx_word' id='word_1_263' title='bbox 759 3118 792 3151; x_wconf 92' lang='lat' dir='ltr'><strong>en</strong></span> <span class='ocrx_word' id='word_1_264' title='bbox 811 3102 933 3166; x_wconf 87' lang='lat' dir='ltr'><strong>principe,</strong></span> <span class='ocrx_word' id='word_1_265' title='bbox 954 3111 1029 3149; x_wconf 86' lang='lat' dir='ltr'><strong>avant</strong></span> 
     </span>
    </p>
   </div>
   <div class='ocr_carea' id='block_1_6' title="bbox 38 3179 1029 3330">
    <p class='ocr_par' dir='ltr' id='par_1_11' title="bbox 38 3179 1029 3330">
     <span class='ocr_line' id='line_1_35' title="bbox 38 3179 1029 3259; baseline -0.003 -26"><span class='ocrx_word' id='word_1_266' title='bbox 38 3191 109 3259; x_wconf 64' lang='lat' dir='ltr'><strong>toute</strong></span> <span class='ocrx_word' id='word_1_267' title='bbox 128 3184 285 3242; x_wconf 89' lang='lat' dir='ltr'><strong>discussion,</strong></span> <span class='ocrx_word' id='word_1_268' title='bbox 311 3199 361 3248; x_wconf 88' lang='lat' dir='ltr'><strong>que</strong></span> <span class='ocrx_word' id='word_1_269' title='bbox 384 3181 470 3232; x_wconf 84' lang='lat' dir='ltr'><strong>rc&#39;alite&#39;</strong></span> <span class='ocrx_word' id='word_1_270' title='bbox 485 3194 523 3231; x_wconf 89' lang='lat' dir='ltr'><strong>est</strong></span> <span class='ocrx_word' id='word_1_271' title='bbox 541 3198 680 3247; x_wconf 87' lang='lat' dir='ltr'><strong>synonyme</strong></span> <span class='ocrx_word' id='word_1_272' title='bbox 699 3181 730 3230; x_wconf 93' lang='lat' dir='ltr'><strong>de</strong></span> <span class='ocrx_word' id='word_1_273' title='bbox 749 3179 836 3230; x_wconf 81' lang='lat' dir='ltr'><strong>re&#39;alitc&#39;</strong></span> <span class='ocrx_word' id='word_1_274' title='bbox 851 3179 977 3230; x_wconf 69' lang='lat' dir='ltr'><strong>actualzke&#39;e</strong></span> <span class='ocrx_word' id='word_1_275' title='bbox 995 3197 1029 3230; x_wconf 91' lang='lat' dir='ltr'><strong>ou</strong></span> 
     </span>
     <span class='ocr_line' id='line_1_36' title="bbox 39 3260 1029 3330; baseline -0.004 -18"><span class='ocrx_word' id='word_1_276' title='bbox 39 3267 172 3321; x_wconf 70' lang='lat' dir='ltr'><strong>existente.</strong></span> <span class='ocrx_word' id='word_1_277' title='bbox 210 3263 232 3311; x_wconf 97' lang='lat' dir='ltr'><strong>Il</strong></span> <span class='ocrx_word' id='word_1_278' title='bbox 252 3272 290 3312; x_wconf 91' lang='lat' dir='ltr'><strong>est</strong></span> <span class='ocrx_word' id='word_1_279' title='bbox 308 3273 422 3330; x_wconf 84' lang='lat' dir='ltr'><strong>par-trop</strong></span> <span class='ocrx_word' id='word_1_280' title='bbox 442 3265 503 3312; x_wconf 86' lang='lat' dir='ltr'><strong>clair</strong></span> <span class='ocrx_word' id='word_1_281' title='bbox 520 3280 584 3328; x_wconf 89' lang='lat' dir='ltr'><strong>que,</strong></span> <span class='ocrx_word' id='word_1_282' title='bbox 612 3263 632 3310; x_wconf 89' lang='lat' dir='ltr'><strong>si</strong></span> <span class='ocrx_word' id='word_1_283' title='bbox 658 3262 710 3310; x_wconf 91' lang='lat' dir='ltr'><strong>l’0n</strong></span> <span class='ocrx_word' id='word_1_284' title='bbox 738 3261 871 3310; x_wconf 77' lang='lat' dir='ltr'><strong>considere</strong></span> <span class='ocrx_word' id='word_1_285' title='bbox 896 3260 971 3308; x_wconf 73' lang='lat' dir='ltr'><strong>l&#39;idee</strong></span> <span class='ocrx_word' id='word_1_286' title='bbox 997 3262 1029 3308; x_wconf 91' lang='lat' dir='ltr'><strong>de</strong></span> 
     </span>
    </p>
   </div>
   <div class='ocr_carea' id='block_1_7' title="bbox 40 3323 1029 3424">
    <p class='ocr_par' dir='ltr' id='par_1_12' title="bbox 40 3323 1029 3424">
     <span class='ocr_line' id='line_1_37' title="bbox 40 3323 1029 3424; baseline -0.007 -32"><span class='ocrx_word' id='word_1_287' title='bbox 40 3323 127 3424; x_wconf 44' lang='lat' dir='ltr'><strong>ieelim</strong></span> <span class='ocrx_word' id='word_1_288' title='bbox 146 3359 244 3393; x_wconf 86' lang='lat' dir='ltr'><strong>comme</strong></span> <span class='ocrx_word' id='word_1_289' title='bbox 264 3360 403 3408; x_wconf 86' lang='lat' dir='ltr'><strong>synonyme</strong></span> <span class='ocrx_word' id='word_1_290' title='bbox 422 3343 566 3392; x_wconf 81' lang='lat' dir='ltr'><strong>d’actualite</strong></span> <span class='ocrx_word' id='word_1_291' title='bbox 584 3358 617 3390; x_wconf 91' lang='lat' dir='ltr'><strong>ou</strong></span> <span class='ocrx_word' id='word_1_292' title='bbox 637 3340 805 3396; x_wconf 89' lang='lat' dir='ltr'><strong>d¹existence,</strong></span> <span class='ocrx_word' id='word_1_293' title='bbox 834 3339 851 3385; x_wconf 94' lang='lat' dir='ltr'><strong>il</strong></span> <span class='ocrx_word' id='word_1_294' title='bbox 877 3354 908 3386; x_wconf 90' lang='lat' dir='ltr'><strong>ne</strong></span> <span class='ocrx_word' id='word_1_295' title='bbox 934 3347 1029 3402; x_wconf 90' lang='lat' dir='ltr'><strong>peuty</strong></span> 
     </span>
    </p>
   </div>
   <div class='ocr_carea' id='block_1_8' title="bbox 0 0 1182 3700">
    <p class='ocr_par' dir='ltr' id='par_1_13' title="bbox 0 0 1182 3700">
     <span class='ocr_line' id='line_1_38' title="bbox 0 0 1182 3700; baseline 0 0"><span class='ocrx_word' id='word_1_296' title='bbox 0 0 1182 3700; x_wconf 95' lang='lat' dir='ltr'><strong> </strong></span> 
     </span>
    </p>
   </div>
  </div>
 </body>
</html>
