2350 3700
146 137 183 172 DE
204 137 393 173 EXSISTENTIA
413 136 653 173 SUBSTANTIARUM
673 136 709 172 ET
728 134 938 173 acclnaNTtuM.
985 125 1035 186 267

435 304 601 353 Anrrcunus
620 316 651 353 11.

235 418 285 465 DE
304 416 538 467 EXSISTENTIA
557 417 853 468 SUBSTANTIARUM

382 498 428 546 ET
446 498 704 549 ACCIDENTIUM.

116 621 260 681 Exsistere
282 622 458 680 substantias
479 621 599 681 realiter
613 620 766 681 distinctas
781 623 819 681 ab
833 622 1038 681 accidentibus

65 711 114 770 iam
126 711 272 786 prioribus
285 711 469 787 temporibus
483 722 669 786 negaverunt
682 714 841 788 empiristae
855 721 885 771 et
897 713 1038 780 semotae,

65 801 108 875 qui
131 800 296 859 docuerunt
323 800 515 859 substantiam
550 798 641 858 «nihil
671 799 751 859 aliud
779 820 843 860 esse
873 800 930 859 nisi
961 819 1040 860 com·

64 890 169 963 plexum
187 908 241 949 seu
256 889 429 965 congeriem
451 890 624 964 qualitatum
639 891 834 965 quarundam,
857 910 930 965 quas
951 909 1039 949 sensu

66 978 242 1054 percipimus,
264 977 368 1054 ignota
389 978 504 1037 ratione
526 978 794 1038 coexsistentium».

112 1068 248 1126 Eandem
265 1066 432 1126 doctrinam
446 1067 554 1126 nostris
569 1069 754 1144 temporibus
761 1070 938 1145 pasitzbistae
951 1069 959 1101 ¹
973 1086 1039 1144 pro-

64 1158 121 1216 fessi
134 1168 210 1229 sunt,
233 1176 302 1216 cum
316 1158 535 1216 contenderent
554 1158 586 1215 in
600 1158 722 1216 homine
744 1159 809 1233 ipso
831 1167 861 1217 et
874 1159 1039 1233 generatim

62 1247 88 1303 in
110 1255 171 1305 tota
199 1264 298 1305 rerum
319 1257 425 1304 natura
445 1264 508 1304 non
529 1265 594 1305 esse
615 1247 672 1305 nisi
692 1249 791 1304 scriem
812 1258 971 1306 eventuum
991 1248 1039 1306 vel

64 1336 366 1409 «phaenomenorum»
381 1336 400 1393 ¹.
423 1336 525 1408 Quare
540 1336 677 1412 specialis
691 1337 767 1395 haec
781 1336 929 1395 sententia
941 1336 1040 1411 positi·

61 1424 189 1483 victarum
210 1424 554 1500 «phaenomenalismus»
572 1424 679 1484 nostris
694 1425 876 1501 temporibus
891 1426 970 1484 dicta
985 1434 1037 1485 est.

112 1516 171 1574 Sed
192 1516 272 1573 hanc
292 1514 520 1590 positivistarum
542 1514 719 1573 sententiam
740 1514 954 1590 perabsurdam
976 1532 1040 1574 esse

33 1641 34 1670 1
60 1603 209 1663 manifeste
230 1614 363 1679 apparet.

115 1715 139 1751 1.
168 1694 197 1749 T
192 1694 338 1751 estinwm'a
359 1692 440 1751 enim
460 1694 518 1764 illa,
541 1711 618 1767 quae
638 1711 726 1769 supra
741 1688 781 1769 (p.
799 1695 853 1751 261
871 1702 901 1751 et
917 1687 984 1767 262)
1000 1703 1039 1751 at·

59 1782 178 1855 tulimus
193 1800 332 1841 sensuum
345 1793 544 1854 externorum,
559 1780 734 1859 praesertim
744 1800 815 1841 vero
826 1782 1037 1855 conscientiae,

58 1969 86 2009 ert
102 1965 255 2012 exsertantia:
283 1963 426 2011 exsistentia
445 1962 541 2011 scilicet
559 1962 719 2011 substantiae.
758 1962 800 2010 Ad
818 1978 871 2010 rem
891 1961 1039 2011 clarissimus

56 2042 173 2092 Mercier:
197 2042 284 2090 «Nous
302 2042 463 2091 inclinerions
482 2043 549 2091 donc
569 2039 584 2089 a
602 2058 694 2107 penser
712 2042 773 2107 qu'il
792 2042 835 2106 n'y
854 2059 868 2090 a
887 2042 951 2090 dans
968 2041 1039 2092 l'dtre

56 2123 144 2186 qu'une
163 2122 233 2171 seule
252 2123 386 2171 existence.
416 2122 493 2171 Selon
513 2131 586 2171 notre
605 2123 679 2184 sapon
698 2123 730 2171 de
743 2123 878 2171 concevoir
889 2123 926 2171 les
940 2124 1038 2182 choses,

54 2210 116 2252 cette
136 2204 263 2251 existence
283 2203 377 2267 unique
396 2203 542 2267 enveloppe
561 2210 616 2251 tout
634 2219 663 2252 ce
682 2202 742 2267 qu'il
761 2219 776 2268 y
796 2220 811 2251 a
830 2203 861 2251 de
880 2201 966 2250 realite
983 2203 1040 2250 sub-

53 2283 178 2332 stantielle
197 2291 222 2330 et
240 2282 406 2332 accidentalle
425 2283 488 2330 dans
506 2281 585 2342 l'etre,
606 2291 639 2342 et,
660 2289 714 2332 tout
730 2283 795 2346 juste
810 2297 886 2345 parce
899 2298 948 2346 que
961 2281 1040 2331 l'exis-

52 2374 123 2413 tence
144 2372 182 2411 est
202 2364 308 2426 unique,
335 2363 372 2411 les
390 2363 490 2411 realites
515 2362 641 2426 multiplea
667 2363 709 2426 qui
735 2378 766 2410 en
793 2369 850 2411 sont
875 2363 978 2422 dotees,
1009 2379 1040 2411 ne

52 2446 162 2492 forment
181 2443 259 2506 qu'un
278 2443 331 2491 seul
351 2441 419 2492 etro»
440 2441 561 2507 (Notions
579 2441 695 2491 d'Ontol.
715 2459 739 2506 p.
764 2440 834 2505 124).

113 2522 122 2553 ¹
141 2523 183 2571 De
202 2523 342 2587 empiristis,
362 2523 481 2583 sensistis,
500 2523 648 2588 positivistis
665 2523 723 2571 vide
741 2523 805 2586 Log.
826 2539 850 2586 p.
875 2532 922 2583 117
943 2540 980 2588 sq.

110 2601 267 2652 ²Audiatur
294 2605 374 2652 Taine
407 2603 434 2652 in
465 2619 543 2667 opere
576 2604 616 2652 cui
650 2602 735 2652 titulus
766 2602 820 2652 «De
846 2602 1038 2668 lintelligence»

54 2683 106 2747 (ed.
128 2695 144 2745 3
164 2701 190 2748 p.
213 2697 245 2732 10
264 2693 289 2733 et
311 2680 372 2747 11):
402 2683 458 2732 «De
476 2683 557 2732 meme
576 2700 626 2747 que
644 2684 670 2731 la
688 2683 822 2732 substance
841 2684 982 2748 spirituelle
1005 2693 1042 2733 est

54 2782 86 2813 un
104 2763 219 2813 fantdme
238 2764 295 2813 cred
314 2780 361 2828 par
378 2764 403 2812 la
422 2764 583 2824 conscience,
613 2765 645 2812 de
671 2762 752 2813 meme
771 2763 796 2812 la
815 2766 949 2813 substance
968 2765 1042 2814 mate-

53 2845 123 2894 rielle
143 2853 182 2893 est
202 2860 236 2892 un
255 2843 366 2893 fantdme
386 2843 443 2894 eree
462 2845 563 2908 parles
582 2860 647 2893 sens.
679 2843 761 2894 L’une
781 2853 806 2892 et
825 2843 914 2894 l'autre
933 2853 991 2894 sont
1010 2861 1043 2893 un

54 2932 162 2974 courant
181 2924 372 2973 d'evenements
389 2925 548 2989 homogenes
570 2941 620 2989 que
645 2925 670 2974 la
696 2926 846 2974 conscience
871 2925 974 2990 appelle
999 2926 1043 2973 des

53 3006 202 3065 sensations‚
223 3021 272 3070 que
291 3005 328 3053 les
347 3021 406 3054 sens
425 3005 556 3071 appellent
574 3005 620 3054 des
639 3013 814 3054 mouvements
832 3006 921 3070 etqui,
942 3007 974 3055 de
989 3007 1045 3055 leur

53 3095 152 3146 nature,
180 3093 239 3134 sont
258 3086 370 3149 toujours
388 3101 420 3134 en
440 3086 503 3134 train
521 3086 554 3134 de
573 3086 641 3150 perir
659 3095 685 3135 et
704 3088 735 3135 de
755 3085 843 3134 naltre.
859 3123 864 3134 .
880 3123 906 3134 ..
943 3088 967 3134 A
987 3085 1043 3134 cdte

53 3167 83 3215 de
102 3167 127 3215 la
141 3166 230 3231 gerba
249 3166 386 3216 lumineuse
405 3167 447 3231 qui
466 3174 504 3216 est
523 3166 700 3226 nous-memes,
724 3167 742 3215 il
761 3182 793 3214 en
812 3173 850 3214 est
865 3165 974 3215 d'autres
988 3182 1044 3214 ana·

55 3247 141 3311 logues
161 3246 206 3311 qui
225 3255 375 3311 composent
393 3247 417 3296 le
429 3247 523 3296 monde
536 3246 662 3311 corporel,
682 3246 826 3295 differentes
841 3245 963 3311 d'aspect,
983 3247 1045 3294 mais

56 3327 89 3376 les
108 3326 209 3376 memes
228 3343 260 3374 en
279 3336 454 3377 nature...»
