2350 3700
136 164 187 211 294
508 163 547 198 or
566 162 747 198 cxrncoxus,

133 322 163 369 et
183 328 304 369 causam
325 311 361 368 sit
381 312 541 378 intrinseca,
564 310 629 368 talis
650 308 771 379 scilicet,
797 319 828 366 ut
849 308 889 381 id,
914 308 999 383 qnod
1020 308 1123 365 dicitur

134 401 265 471 effectus,
287 401 318 457 in
338 418 388 457 suo
408 417 465 457 csse
486 399 658 473 dependeat
678 418 696 455 a
718 417 814 457 causa.

195 489 335 547 Secundo
363 488 536 563 requiritur,
571 498 603 545 ut
637 488 762 545 influxus
796 487 845 545 ille
880 488 932 563 liat
964 488 998 543 in
1031 487 1129 543 ordine

129 578 244 654 physico
265 572 421 653 (dnfiuxus
441 570 628 654 physicum),
657 576 675 634 i.
698 593 724 634 e.
754 576 831 635 inter
858 594 906 634 res
934 574 1057 634 realiter
1084 593 1129 633 ex-

134 667 268 726 sistentes
298 678 380 725 extra
409 667 601 725 intellectum.
651 666 719 739 Qua
747 666 869 741 quidem
899 676 974 723 nota
1004 664 1129 723 influxus

134 774 241 815 causae
256 755 443 831 distinguitur
459 757 498 814 ab
519 756 638 826 influxu,
662 773 752 830 quem
773 754 954 831 principium
976 754 1130 829 logicum¹

134 845 225 904 habet
258 846 290 903 in
318 845 542 904 conclusionem
576 845 625 903 vel
653 846 683 902 in
714 844 867 903 veritatem
895 854 1063 919 utcumque
1092 844 1129 901 ab

134 937 199 1011 ipso
229 935 468 1010 dependentem3
499 935 564 993 aliis
591 934 704 992 verbis:
736 933 908 1008 requiritur,
937 944 968 991 ut
999 933 1129 992 conexio

137 1023 358 1082 consecutionis
379 1024 416 1082 sit
435 1024 568 1100 physica,
590 1042 654 1081 non
675 1022 781 1098 logica.

196 1114 272 1171 Cum
294 1113 460 1184 autemid,
490 1112 611 1172 acuius
632 1112 801 1171 exsistentia
825 1111 938 1187 pendet
958 1111 1133 1169 exsistentia

136 1202 269 1273 alterius,
300 1202 415 1261 dicatur
435 1220 500 1261 esse
521 1203 602 1278 prius
623 1211 742 1272 natura,
771 1202 847 1259 haec
868 1201 1006 1260 doctrina
1027 1218 1133 1276 saepe-

136 1308 262 1350 numero
284 1291 327 1350 sic
347 1292 535 1367 exprimitur:
557 1292 600 1349 Ut
618 1291 730 1365 aliquid
747 1308 848 1349 revera
868 1292 907 1347 sit
921 1309 1015 1358 causa,
1037 1292 1133 1365 requi-

135 1383 221 1450 ritur,
242 1387 276 1437 ut
294 1383 333 1438 sit
348 1382 490 1457 prioritas
509 1388 633 1438 naturae
648 1382 724 1438 inter
737 1382 828 1455 ipsum
848 1387 877 1436 et
895 1379 974 1447 illud
997 1380 1077 1454 quod
1095 1380 1133 1436 ab

136 1472 195 1545 ipso
210 1470 345 1545 procedit.

198 1558 313 1632 Quibus
326 1559 405 1617 notis
424 1576 513 1616 causa
527 1557 714 1633 distinguitur
735 1577 753 1615 a
767 1559 919 1633 principio,
941 1557 1026 1632 quod
1040 1574 1133 1633 gene·

137 1648 223 1705 ratim
244 1649 398 1707 delinitur:
426 1648 513 1717 illud,
542 1667 561 1704 a
588 1667 644 1722 quo
671 1648 783 1722 aliquid
806 1656 933 1719 procedit
960 1665 1135 1721 quocumque

137 1738 226 1806 mode,
247 1740 306 1797 sirie
320 1738 567 1814 percontationem
587 1738 704 1810 logicam
724 1739 782 1794 sive
797 1746 854 1813 per
867 1738 1045 1795 conexionem
1059 1737 1135 1811 phy»

136 1828 230 1894 sicam,
252 1827 384 1902 illamque
403 1828 461 1886 sive
481 1828 665 1885 extrinsecam
685 1828 743 1885 sive
763 1828 949 1884 intrimecam.
985 1826 1043 1884 Est
1056 1843 1134 1901 ergo

138 1914 317 1990 principium
331 1917 414 1975 notio
430 1916 577 1990 quaedam
592 1915 741 1991 generica,
758 1933 835 1990 quae
849 1915 1005 1973 notionem
1021 1932 1134 1973 causae

138 2005 272 2063 continet
298 2016 449 2080 tamquam
477 2016 592 2081 partem
620 2004 757 2080 logicam.
802 2004 888 2078 Quae
909 2003 1050 2063 doctrina
1076 2005 1135 2062 hac

138 2093 269 2169 synthesi
289 2094 426 2153 illustrari
446 2104 561 2170 potest:

539 2253 722 2330 Principium

424 2375 467 2441 (id,
488 2394 503 2426 a
520 2394 571 2442 quo
591 2377 686 2442 aliquid
705 2355 834 2442 procedit)

139 2487 1129 2592 W

140 2604 270 2671 (procedit
282 2623 328 2671 per
341 2608 507 2657 conexiouem
518 2602 637 2672 logicam)
660 2603 1019 2672 (proceditperconexionem
1027 2596 1133 2659 realem)

161 2717 233 2758 minus
247 2719 334 2769 proprie
404 2718 492 2770 proprie
506 2718 587 2759 dictum
682 2717 754 2758 minus
768 2717 852 2769 proprie
919 2717 1009 2768 proprie
1026 2717 1120 2766 dictum,

207 2781 290 2822 dictum
407 2781 546 2833 (principium
561 2781 583 2820 in
727 2781 809 2822 dictum
952 2780 966 2822 i.
982 2793 1002 2820 e.
1017 2793 1089 2820 causa

164 2842 303 2895 (principium
317 2844 339 2883 in
417 2857 479 2885 sensu
493 2842 576 2890 stricto,
668 2842 715 2895 (per
730 2844 874 2883 conexionem
915 2842 962 2896 (per
977 2843 1124 2883 conexionem

171 2919 235 2946 sensu
248 2904 333 2954 latiore,
452 2921 474 2957 p.
490 2905 547 2958 ²¹7l·
674 2903 819 2946 extrinsecam
833 2905 869 2945 vel
938 2904 1103 2956 intrinsecam).

201 2980 222 3018 p.
238 2969 296 3021 215).
661 2981 703 3008 non
719 2966 877 3020 intrinsecum).

192 3087 269 3157 Qua
290 3086 429 3160 principii
449 3087 587 3158 notione,
610 3105 679 3145 cum
700 3097 760 3144 tam
783 3087 841 3145 late
863 3095 977 3160 pateat,
1013 3095 1132 3143 utuntur

140 3172 272 3244 theologi
300 3173 338 3228 ad
365 3190 483 3230 sensum
507 3175 637 3248 mysterii
662 3175 712 3233 SS.
735 3175 887 3233 Trinitatis
909 3175 1129 3249 explicandum.

204 3338 212 3367 ¹
231 3343 271 3388 Cf.
290 3358 366 3404 supra
384 3361 409 3406 p.
430 3357 489 3408 215.
