2350 3700
139 92 190 138 216
442 103 481 138 ns
500 103 562 138 rasa
581 101 711 138 narinus
730 100 823 138 nuris.

137 249 433 320 institutasidemus
453 250 566 307 nullam
587 267 687 308 rerum
700 248 915 325 proprietatem
932 266 970 306 ex
983 247 1124 323 principio

138 338 383 398 contradictionis
404 338 502 413 logice
523 337 587 396 erui
608 355 706 412 posse.
745 337 805 395 Sed
825 336 896 395 ideo
917 336 1047 412 primum
1068 353 1125 393 esse

138 428 246 486 dicitur
266 427 297 484 in
318 427 424 485 ordine
454 427 570 502 logico,
604 426 675 501 quia
704 425 839 484 omnium
869 425 995 483 aliorum
1026 424 1128 500 princi·

139 517 257 593 piorum
278 515 424 574 certitudo
446 517 484 574 ab
505 515 598 591 ipsius
619 514 797 573 certitudine
818 514 940 590 pendet.
969 513 1035 572 Nisi
1054 513 1128 570 enim

138 607 198 665 hoc
218 604 399 681 principium
420 614 498 663 esset
518 623 631 676 verum,
654 604 712 662 alia
731 603 881 679 principia
895 603 998 662 omnia
1013 613 1131 678 possent

141 714 206 754 esse
227 713 299 753 vera
319 705 349 753 et
370 695 443 753 falsa
464 694 558 753 simul.

201 787 236 842 In
271 783 420 860 principio
455 781 701 842 contradictionis
730 782 789 840 alia
819 782 967 857 quaedam
999 781 1133 856 proxime

143 873 305 935 fundantur
325 873 422 949 prima
441 871 599 949 principia,
623 889 701 946 quae
722 881 804 930 sunt:

202 964 226 1019 Ι
247 961 430 1038 Principium
451 962 624 1018 Mentitatzt:
647 960 736 1033 Quod
750 968 798 1030 est,
820 967 870 1029 est,
893 962 955 1019 vel:
980 960 1072 1034 Quod
1081 979 1135 1017 non

143 1058 196 1121 cst,
218 1057 342 1108 nonest.
379 1048 854 1109 Efformaturhociudiciumrn
875 1058 976 1107 mente
997 1068 1037 1107 ex
1059 1067 1159 1107 com·
1158 1087 1159 1168 p

143 1140 299 1217 paratione
318 1139 450 1198 notionis
470 1139 546 1198 entis
567 1158 636 1197 cum
657 1157 689 1198 se
710 1139 775 1215 ipsa
797 1139 843 1196 vel
871 1138 960 1196 etiam
989 1156 1029 1196 ex
1059 1155 1135 1196 com·
1158 1169 1159 1194 r

144 1229 299 1306 paratione
320 1247 393 1286 non·
394 1228 470 1287 entis
490 1247 559 1286 cum
579 1247 653 1286 non·
643 1238 731 1286 ·e.nte

204 1319 304 1376 Potest
332 1327 430 1376 autem
458 1316 627 1375 huiusmodi
655 1316 834 1393 principium
865 1316 919 1374 sub
950 1315 1067 1391 duplici
1096 1333 1159 1374 rer

145 1417 250 1482 spectu
271 1406 471 1465 considerari:
1158 1453 1159 1470 ,

206 1496 307 1554 Primo
323 1496 455 1570 quidem,
478 1505 625 1571 quatenus
638 1513 746 1570 vagum
763 1505 807 1554 est
823 1504 853 1553 et
867 1493 1138 1563 indeterminatum,

147 1585 269 1643 nondum
296 1592 329 1642 ut
354 1592 464 1642 certum·
478 1587 591 1642 omnino
606 1589 798 1660 perpetium,
829 1593 859 1641 et
887 1594 960 1642 tunc
988 1582 1139 1659 principio

148 1673 391 1733 contradictionis
411 1674 493 1751 prius
513 1673 637 1748 quidem
658 1673 718 1731 dici
735 1681 841 1748 potest,
864 1674 918 1732 sed
931 1672 995 1730 veri
1009 1672 1141 1730 nominis

147 1761 327 1839 principium
348 1773 490 1821 nonest:
522 1761 756 1838 «principiorum
781 1761 879 1838 potius
907 1761 1045 1820 radicem
1074 1780 1142 1819 con·

148 1854 222 1911 tinet
244 1862 273 1912 et
294 1870 417 1928 germen
438 1852 664 1929 imperfectum»
682 1853 698 1911 ¹.

210 1942 358 2012 Secund0,
380 1950 478 2016 potest
499 1940 684 2000 considerari
704 1951 735 1999 ut
755 1940 937 2017 principium
954 1932 1087 1998 omnino
1104 1942 1147 1997 fir-

150 2049 239 2101 mum,
256 2031 337 2089 cuius
352 2030 498 2089 certitudo
513 2030 607 2089 menti
621 2039 774 2106 appareat,
789 2041 819 2088 et
833 2040 904 2088 tunc
918 2029 949 2087 in
959 2028 1147 2105 principium

151 2118 395 2178 contradictionis
416 2119 580 2178 resolvitur.
609 2120 699 2178 Ratio
717 2118 807 2190 enirn,
822 2129 953 2196 ¹propter
968 2137 1066 2194 quam
1082 2137 1158 2177 cum,

152 2208 328 2267 certitudine
349 2226 434 2266 mens
455 2210 582 2266 affirmat
603 2226 668 2267 esse
689 2207 733 2279 id,
758 2211 840 2284 quod
862 2218 918 2279 est,
940 2207 1100 2266 invenitur
1121 2208 1158 2263 in}

152 2316 204 2367 eo,
236 2297 319 2372 quod
347 2296 501 2356 evidenter
528 2296 671 2373 perspicit
691 2316 754 2355 non
776 2315 865 2373 posse
886 2296 972 2354 simul
993 2316 1063 2355 non
1087 2300 1158 2373 esse}

153 2387 184 2445 id
206 2386 288 2461 quod
310 2396 362 2444 est
1157 2380 1158 2405 ³

212 2476 251 2533 ΙΙ.
273 2474 465 2550 Principium,
485 2476 565 2550 quod
581 2474 689 2534 dicitur
703 2477 782 2533 tertii
793 2477 915 2533 exclusi:
939 2476 1097 2550 Quaelibet
1109 2434 1158 2559 resi

153 2572 207 2622 aut
225 2572 274 2634 est,
296 2572 349 2621 aut
367 2584 424 2622 non
444 2573 493 2634 est,
515 2565 598 2639 quod
619 2563 658 2623 ad
678 2584 763 2623 usum
784 2564 943 2640 logicum'
935 2584 997 2622 ram
1016 2564 1081 2623 alia
1097 2566 1158 2623 for·

154 2655 234 2711 mula
255 2671 425 2729 expressum
446 2654 617 2725 habuimuS,
647 2671 714 2712 cum
736 2654 876 2711 diximus:
910 2654 1017 2711 «Duae
1039 2672 1152 2729 propo·

155 2742 276 2801 sitiones
305 2741 554 2801 contradictoriae
581 2760 645 2800 non
672 2752 796 2818 possunt
822 2759 885 2801 esse
912 2741 1001 2800 simul
1029 2760 1152 2811 verae»,

156 2841 200 2890 et:
226 2832 320 2890 «duae
341 2830 561 2907 propositiones
581 2831 833 2889 contradictoriae
853 2848 916 2888 non
938 2841 1071 2906 possunt
1091 2848 1154 2890 esse

156 2921 241 2979 simul
264 2921 407 2979 falsae.»²
447 2920 565 2978 Dicitur
585 2938 657 2979 vero
678 2922 737 2979 hoc
764 2918 945 2997 principium
976 2920 1081 2978 «tertii
1111 2938 1154 2979 ex·

158 3010 266 3081 clusi»,
289 3009 358 3085 quia
378 3027 414 3068 ex
435 3019 594 3085 perspecta
614 3009 786 3068 immediata
807 3007 999 3085 oppositione
1023 3010 1107 3068 entis
1127 3020 1155 3067 et

222 3201 228 3229 ¹
250 3202 287 3249 cf.
308 3204 390 3261 Pesch,
409 3205 473 3253 Inst.
492 3205 544 3267 log.
564 3206 610 3264 111,
632 3216 666 3269 5ο
684 3223 722 3270 sq.

220 3276 231 3306 ²
251 3279 289 3326 Cf.
310 3280 405 3343 Logica
423 3298 448 3343 p.
470 3294 511 3345 51.
