2350 3700
433 158 470 193 bs
490 157 662 201 Qunmrnru.
990 146 1038 194 281

112 306 178 361 Iam
212 321 299 376 vere,
335 322 403 362 cum
426 304 598 379 ontologiae
626 303 662 362 sit
689 304 880 362 considerare
908 322 961 362 ens
989 305 1042 363 sub

46 392 216 451 rationibus
244 394 306 451 eius
333 394 455 449 maxim
476 394 677 462 communibus,
706 394 745 451 de
766 393 811 451 his
839 403 976 467 quattuor
997 413 1043 451 ac-

46 482 221 541 cidentibus
246 482 296 540 hic
323 492 435 540 tanturn
466 499 565 542 senno
593 482 657 540 erit.
699 483 768 539 Alia
795 500 883 553 vero,
914 502 982 541 cum
1004 484 1042 541 de

46 572 124 647 ipsis
145 572 223 628 ideae
243 572 463 647 metaphysicae¹
483 572 634 630 efformari
648 590 711 630 non
725 572 846 647 possint,
869 572 908 629 ad
929 589 1043 631 cosmo·

47 659 166 736 logiam
187 660 369 719 remittimus.

447 793 613 841 Auricunus
633 805 650 841 1.

409 904 457 953 DE
477 906 689 967 QUALITATE.

453 1033 470 1100 ξ
492 1050 513 1085 1.
546 1038 642 1086 Notio.

114 1158 250 1231 Qualitas
263 1161 356 1216 stricte
369 1160 485 1234 definiri
503 1178 559 1217 uon
574 1166 674 1235 potest.
710 1160 790 1218 Nota
804 1162 893 1233 enim,
917 1179 993 1236 quae
1012 1173 1043 1219 ut

48 1248 223 1307 differentia
257 1248 398 1323 specifica
430 1259 520 1306 notae
555 1247 714 1323 genericae
748 1249 910 1309 accidentis
945 1269 1043 1326 super-

48 1336 181 1407 additur,
204 1347 248 1395 est
269 1337 307 1395 de
322 1339 427 1413 primis
447 1338 611 1395 notionibus.

114 1427 169 1484 Est
177 1425 304 1501 proinde
314 1426 390 1485 haec
399 1427 482 1485 notio
492 1425 665 1502 simpliciter
679 1427 857 1485 declarando.
880 1430 1040 1487 Iamvero:

114 1518 137 1572 I.
161 1514 192 1573 Si
212 1516 298 1573 latius
312 1514 442 1586 sumitur,
464 1514 603 1591 designat
620 1517 760 1591 qudquid
769 1526 827 1593 per
846 1518 956 1574 niodum
977 1520 1043 1576 acci-

49 1606 145 1662 dentis
164 1604 343 1663 substantiae
364 1604 482 1663 cuidam
504 1605 694 1681 supervenire
716 1616 822 1681 potest.
864 1608 935 1664 Hoc
955 1625 1043 1665 sensu

51 1693 157 1752 omnia
178 1693 345 1751 accidentia
365 1704 432 1752 sunt
450 1694 614 1769 qualitates.

116 1784 154 1840 II.
177 1782 237 1841 Sed
252 1782 275 1840 si
290 1784 409 1859 proprie
423 1783 552 1854 sumitur,
570 1794 659 1859 prout
679 1784 717 1841 ab
736 1783 799 1841 aliis
818 1794 887 1843 octo
906 1784 1042 1844 acciden-

53 1874 132 1931 tibus
153 1872 354 1948 distinguitur,
377 1874 415 1930 ab
436 1874 561 1931 Alberto
583 1875 719 1948 Magno²
739 1875 914 1946 declaratur,
936 1886 967 1932 ut
988 1876 1040 1934 sit:

57 1963 198 2019 «occulens
225 1963 359 2038 complens
386 1981 419 2018 ac
439 1965 587 2038 perficiens
614 1963 800 2021 substantiam
827 1971 886 2020 tam
913 1966 944 2022 in
973 1967 1042 2022 exsi-

53 2051 151 2109 stendo
171 2044 321 2125 (essendo)
342 2070 427 2125 quam
448 2054 478 2109 in
499 2052 668 2128 operando».
705 2053 740 2111 Id
754 2064 812 2111 est:
845 2053 978 2126 Qualitas
999 2065 1044 2112 est

54 2141 162 2198 entitas
194 2139 356 2216 quaedam,
389 2159 465 2215 quae
496 2141 675 2200 substantiae
704 2141 764 2198 iam
794 2141 908 2217 integre
937 2143 1043 2201 consti-

54 2239 135 2287 tutae
163 2229 347 2304 supervenit,
380 2229 420 2287 ita
447 2240 493 2302 ut,
524 2231 647 2304 quando
675 2232 713 2290 de
741 2231 917 2307 corporibus
938 2232 1040 2306 agitur,

52 2318 217 2376 substantia
238 2319 423 2395 concipiatur
438 2319 612 2378 extensione
626 2337 678 2378 sua
691 2319 751 2377 iam
765 2319 908 2395 praedita.
938 2322 1043 2397 Super·

51 2409 136 2466 venit
150 2416 248 2466 autem
263 2418 294 2466 ut
312 2407 433 2483 aliquid,
455 2408 538 2482 quod
552 2408 647 2485 ipsam
662 2408 795 2484 disponit
807 2411 855 2467 vel
869 2410 900 2466 in
915 2410 1042 2468 essendo

52 2499 100 2556 vel
122 2496 153 2554 in
176 2498 346 2573 operando:

118 2687 127 2720 ¹
147 2691 187 2740 Cf.
206 2691 304 2757 Logica
322 2711 347 2758 p.
370 2703 408 2756 15.

116 2767 127 2800 ²
146 2770 267 2820 Albertus
279 2773 388 2838 Magnus
402 2769 612 2836 (1193—1280),
632 2790 663 2823 ex
681 2773 775 2823 familia
788 2775 913 2822 Comitum
932 2774 964 2821 de
978 2774 1042 2821 Boll-

55 2852 136 2912 st‘a'dt,
164 2852 198 2899 ob
217 2853 405 2917 amplitudinem
424 2854 570 2903 omnifariae
590 2854 720 2902 doctrinae
741 2855 855 2903 «Ductor
877 2854 1039 2902 universalis»

55 2931 139 2980 dictus
164 2940 209 2981 est.
247 2933 370 2982 Ordinem
395 2933 419 2982 S.
439 2933 567 2984 Dominici
592 2934 719 2998 ingressus
744 2933 920 2998 philosophiae
945 2933 1043 2997 peripa-

55 3013 148 3062 teticae
167 3013 331 3076 peritissimus
350 3014 453 3064 exstitit.
479 3014 602 3063 Coloniae
617 3015 751 3078 professor,
772 3030 839 3063 anno
856 3024 921 3076 1245
936 3013 961 3062 S.
975 3015 1042 3062 Tho-

55 3109 122 3140 mam
141 3092 290 3158 discipulum
311 3094 407 3142 habuit.
434 3095 494 3143 Eius
513 3111 591 3159 opera
610 3091 654 3158 (21
676 3095 735 3143 voll.
755 3095 780 3143 in
800 3091 857 3158 fol.)
877 3094 965 3157 partim
984 3103 1042 3142 sunt

53 3173 240 3238 philosophica,
260 3176 350 3238 partim
370 3175 519 3238 theologica.
550 3174 620 3223 Inter
638 3175 775 3239 praecipua
794 3175 848 3222 eius
867 3190 946 3237 opera
963 3174 1043 3236 philo-

54 3254 162 3319 sophica
175 3251 329 3304 nominanda
342 3263 412 3303 sunt:
427 3255 467 3302 De
481 3255 564 3302 anima
576 3254 634 3302 libri
646 3268 670 3316 3,
690 3253 922 3317 Metaphysicorum
931 3253 989 3299 libri
1002 3265 1040 3309 12,

55 3337 96 3384 De
118 3335 200 3384 causis
219 3343 244 3383 et
262 3351 382 3398 processu
401 3333 577 3383 universitatis.
