2350 3700
426 165 465 201 mr
484 163 658 201 unrtrrona.
983 152 1034 213 289

99 312 209 370 relatio
237 322 338 371 mutua
370 313 610 389 al'squiperantiae
638 311 760 383 dicitur,
797 312 918 387 quando
956 311 1035 370 dicta

41 401 115 458 ratio
143 411 191 459 est
218 402 391 476 inaequalis,
419 400 460 459 ita
487 410 519 459 ut
546 418 637 459 unum
666 409 830 459 extremum
850 411 882 459 ut
902 400 1035 477 superius

42 491 184 562 excellat,
207 491 333 549 alterum
354 501 386 549 ut
406 490 528 549 inferius
551 489 728 563 subiciatur3
757 490 821 548 talis
849 501 893 549 est
921 490 1033 561 relati0,

41 590 124 653 quae·
138 579 223 655 viget
242 579 321 638 inter
340 590 457 655 patrem
479 590 510 638 et
529 578 621 637 filium
634 582 650 636 ¹.

98 669 279 727 Relationes
306 687 411 727 omnes
438 668 640 726 accidentales
668 667 706 727 ad
735 667 843 744 triplex
870 685 964 743 genus
992 686 1036 727 re·

18 758 142 824 evocari
170 767 304 834 possunt
352 758 411 815 Vel
438 756 520 815 enim
546 756 743 815 fundantur
735 776 767 814 m
796 756 974 858 quantitate,
1006 767 1036 815 et

18 836 111 906 {tunc
139 848 288 905 habemus
315 846 491 905 relationem
519 847 717 920 aequalium,-
747 846 831 904 vel
823 864 854 903 in
884 846 1033 947 qualitate,

41 952 75 993 ex
89 954 152 1011 qua
166 936 260 993 oritur
270 935 373 994 relatio
387 936 596 1006 similitudinis;
609 934 675 994 vel
668 954 699 992 1n
709 935 828 994 actione
843 945 872 994 et
886 936 1034 1011 passione,

41 1024 120 1083 unde
141 1024 251 1083 relatio
271 1025 390 1098 originis
410 1025 459 1084 vel
480 1025 663 1082 causale'tatir.

279 1193 296 1260 ξ
316 1209 339 1259 3.
372 1199 415 1246 De
435 1197 599 1247 exsistentia
616 1197 795 1248 relationum.

98 1332 146 1379 Ad
166 1336 273 1379 statum
293 1329 479 1391 quaestionis.
521 1319 637 1378 Scimus
658 1337 722 1378 esse
750 1319 925 1390 relationes,
957 1337 1035 1395 quae

42 1420 120 1467 extra
152 1419 286 1467 mentem
307 1428 412 1468 revera
438 1426 501 1467 non
523 1408 680 1480 exsistunt,
710 1409 763 1467 sed
791 1427 809 1466 a
836 1419 937 1467 mente
966 1428 1035 1467 con-

41 1500 207 1571 stituuntur,
229 1516 363 1574 quasque
384 1516 474 1574 supra
495 1494 535 1574 (p.
559 1492 628 1573 287)
649 1497 762 1573 logicas
782 1498 963 1557 vocavimus.

99 1588 264 1661 Quaeritur
296 1605 369 1646 vero
402 1586 467 1658 hic,
502 1597 600 1646 utrum
634 1597 754 1662 praeter
787 1587 840 1645 has
874 1587 1035 1646 relationes

41 1696 57 1733 a
83 1687 188 1735 mente
224 1676 431 1753 dependentes
461 1677 519 1735 sint
552 1676 643 1735 etiarn
673 1676 705 1735 in
735 1694 834 1735 rerum
854 1688 959 1735 natura
992 1694 1035 1734 re·

16 1765 183 1836 tlationes,
205 1785 279 1841 quas
300 1767 391 1823 reales
410 1766 595 1837 vocavimus,
624 1764 688 1824 aliis
718 1765 828 1824 verbis:
858 1776 955 1824 utrum
977 1766 1035 1825 sint

43 1857 73 1914 in
82 1858 144 1915 hoc
153 1856 269 1915 mundo
279 1855 439 1915 relationes
451 1856 693 1931 independenter
707 1875 725 1914 a
738 1865 838 1914 mente
853 1855 1033 1927 exsistentes,

43 1964 149 2005 necne.

103 2035 179 2092 Sunt
205 2035 257 2110 qui
283 2034 443 2093 relationes
471 2036 566 2093 reales
587 2034 619 2091 in
642 2052 742 2094 rerum
768 2045 874 2093 natura
895 2033 1034 2093 exsistere

42 2123 227 2198 negaverint,
242 2141 407 2198 omnesque
422 2142 496 2198 quas
517 2123 698 2182 admittimus
717 2125 875 2182 relationes
895 2143 913 2181 a
934 2133 1034 2181 mente

15 2211 113 2286 ,fingi
143 2211 310 2271 docuerint.
352 2212 438 2270 Talia
472 2212 550 2271 inter
577 2212 651 2270 alios
681 2212 823 2270 Kantium
852 2213 960 2272 scimus
988 2231 1034 2271 ex·

14 2301 17 2313 ¹
43 2300 192 2376 cogitasse
202 2302 221 2359 ².

102 2390 219 2448 Contra
246 2389 313 2448 illos
340 2391 529 2449 contendimus
555 2408 612 2448 esse
639 2393 670 2448 in
699 2409 796 2449 rernm
826 2397 934 2448 natura
963 2392 1034 2448 rela-

44 2480 134 2536 tiones
154 2479 374 2555 independenter
392 2499 412 2536 a
432 2488 522 2537 mente
542 2481 712 2538 constitutas.

101 2576 242 2626 Probano.
271 2569 294 2626 Ι.
308 2569 440 2637 Directa,
455 2587 491 2624 ex
504 2569 627 2626 caedenti
639 2570 819 2644 experientia.
849 2567 1034 2642 Cuicumque

26 2655 123 2713 'enim
136 2656 298 2714 manifesto
313 2666 438 2733 apparet
452 2674 517 2714 esse
531 2656 658 2715 ordinem
676 2657 708 2715 in
722 2659 781 2715 hoc
795 2657 915 2716 mundo
947 2657 1034 2716 Aliae

43 2763 89 2802 res
111 2745 178 2804 aliis
198 2745 438 2818 subordinantur,
462 2746 536 2805 aliae
558 2745 623 2804 aliis
645 2746 866 2805 coordinantur.
903 2748 1034 2804 Effectus

42 2852 144 2892 revera
165 2833 279 2910 pendet
298 2854 317 2892 a
330 2853 428 2894 causa
465 2835 539 2893 Sunt
552 2853 600 2893 res
615 2834 690 2893 aliae
705 2835 768 2894 aliis
782 2852 883 2893 revera
897 2833 1034 2904 maiores

43 2922 182 2994 minores,
199 2921 317 2996 similes,
333 2925 481 2999 aequales
497 2935 553 2983 etc.
582 2924 756 2982 Relationes
766 2941 837 2982 vero
852 2923 915 2982 illas
930 2942 1035 2982 omnes

103 3097 112 3130 ¹
132 3101 173 3150 Cf.
192 3101 285 3165 Lepidi,
305 3101 384 3151 Elem.
404 3101 465 3166 phil.
486 3101 570 3151 christ.
591 3101 623 3161 II,
645 3114 705 3164 231.

102 3177 114 3210 ²
133 3181 174 3230 Cf.
194 3182 290 3246 Logica
309 3199 335 3246 p.
353 3182 410 3241 106,
430 3192 483 3231 not.
499 3194 522 3241 2,
542 3182 586 3229 ubi
605 3181 684 3230 habes
703 3182 755 3230 eius
774 3182 865 3230 verba:
889 3181 953 3230 «Die
970 3181 1033 3230 Ord-

11 3247 14 3274 r
44 3276 113 3324 nung
131 3262 185 3310 und
204 3261 430 3327 Regelmfissiglreit
448 3277 481 3310 an
501 3263 551 3310 den
571 3260 796 3325 Erscheinungen,
824 3260 864 3308 die
890 3262 935 3309 wir
953 3262 1035 3310 Natur

44 3355 154 3402 nennen,
174 3342 278 3406 bringen
296 3343 346 3390 wir
362 3343 434 3391 selbst
450 3343 549 3390 himin»
571 3350 620 3390 etc.

95 3435 293 3486 Reinstadler,
309 3435 378 3476 Elem.
394 3434 474 3485 philos.
489 3434 556 3475 schol.
579 3434 597 3475 I.
845 3441 874 3486 19
