2350 3700
214 861 477 936 DOCTORIS
506 864 745 938 ANGELICI
772 865 894 938 VITA

52 1000 226 1058 secunaum
246 1002 279 1060 P.
305 1001 338 1059 T.
360 1001 447 1060 aaa
469 1003 497 1061 s.
509 1004 545 1078 J,
567 1002 769 1062 Instimuones
789 1003 933 1080 logicaes
953 1008 976 1077 1,
1000 1021 1046 1083 55.

53 1138 197 1221 Sanctus
211 1164 344 1222 Th0mas
358 1164 502 1239 Aquinas,
524 1175 611 1223 natus
630 1165 663 1222 in
681 1175 779 1224 castro
796 1167 1046 1236 ‹Roccasecoa›,

52 1261 144 1334 regni
166 1259 301 1332 Siciliae,
329 1260 450 1321 ineunte
471 1280 551 1320 anno
576 1279 650 1340 1225
675 1259 744 1339 (sec.
766 1264 841 1322 alios
866 1260 969 1339 1227),
998 1283 1048 1340 pa·

53 1357 192 1416 rentibus
213 1357 416 1431 nobilissimis,
438 1360 627 1419 scientiarum
649 1361 790 1437 princeps
811 1361 1048 1437 praedestinatus

52 1455 224 1514 videbatur.
253 1457 333 1516 Sana
353 1477 389 1516 ac
410 1468 513 1516 saneta
534 1458 692 1534 disciplina
706 1459 766 1518 iam
780 1479 799 1518 a
812 1459 908 1536 prima
922 1460 1048 1537 pueritia

52 1553 205 1613 institutus
236 1566 288 1615 est.
333 1557 409 1614 Puer
439 1557 519 1615 enim
550 1556 683 1632 quinque
712 1575 860 1616 annorum
892 1557 1048 1617 monachis

54 1654 95 1711 O.
118 1654 149 1711 S.
172 1655 205 1712 B.
227 1655 258 1711 in
280 1656 385 1713 Monte
402 1653 513 1714 Casino
534 1654 638 1714 litteris
658 1665 689 1714 et
709 1656 820 1732 pietate
840 1655 1048 1716 informandus

52 1750 191 1824 traditus,
214 1763 244 1810 et
265 1770 339 1829 puer
359 1753 466 1812 decem
487 1770 635 1812 annorum
656 1753 816 1829 Neapolim
838 1754 877 1812 ad
898 1753 1047 1814 Universi·

52 1860 149 1909 tatem
170 1870 189 1909 a
202 1850 364 1910 Frederico
378 1854 407 1909 II
428 1868 524 1927 nuper
544 1850 698 1911 conditam
718 1853 822 1911 missus
842 1862 914 1924 erat,
937 1853 968 1910 in
988 1871 1047 1928 qua

52 1948 206 2024 magistris
226 1968 294 2008 usus
314 1960 359 2008 est
377 1949 496 2026 optimis
510 1949 540 2008 in
555 1949 780 2009 humanioribus
793 1952 882 2009 Petro
897 1949 1045 2021 Hiberno,

53 2047 190 2105 Martino
220 2047 252 2105 in
281 2046 504 2124 philosophicis,
546 2048 604 2107 His
634 2047 736 2107 studiis
766 2047 908 2107 absolutis
934 2066 1046 2107 novum

54 2145 85 2203 S.
109 2144 263 2204 Dominici
284 2145 421 2205 ordinem
442 2145 608 2221 ingreditur
627 2146 757 2222 Neapoli
779 2164 859 2205 anno
884 2165 968 2220 1243.

119 2244 161 2301 At
177 2246 233 2303 PP.
249 2244 441 2303 Dominicani
461 2246 584 2303 nimiam
606 2244 673 2321 piae
695 2245 796 2303 matris
816 2244 1045 2304 sollicitudinem

53 2350 224 2401 metuentes
244 2341 393 2401 Thomam
414 2344 543 2401 Romam
571 2341 668 2419 prius,
696 2342 828 2417 indeque
855 2343 886 2400 in
917 2342 1046 2401 Galliam

52 2439 216 2511 miserunt,
238 2440 350 2516 quoin
372 2440 493 2513 itinere,
515 2451 610 2499 matre
630 2439 768 2511 iubente,
790 2459 809 2499 a
829 2440 968 2498 iratribus
988 2438 1046 2497 suis

53 2556 153 2613 prope
173 2538 413 2614 Aquapendente
435 2540 616 2615 interceptus
637 2539 668 2597 in
690 2548 816 2615 patemo
837 2537 959 2596 castello
981 2536 1046 2597 reti·

54 2646 152 2695 netur.
194 2638 314 2695 Frustra
335 2638 417 2695 omni
438 2648 502 2697 arte
523 2647 664 2709 tentatus,
695 2656 714 2695 a
734 2636 886 2695 sororibus
913 2634 944 2694 in
973 2634 1046 2693 cista

55 2754 111 2811 per
132 2736 277 2795 fenestras
298 2735 442 2807 dimissus,
465 2734 705 2794 aDominieanis
719 2734 880 2810 Neapolim
897 2733 1044 2805 reductus,

55 2833 168 2892 deinde
188 2835 318 2893 Romam
338 2834 421 2893 venit
441 2834 480 2891 ad
494 2836 641 2892 Ioannem
654 2832 853 2893 Teutonicum
874 2831 1044 2907 magistrum

55 2933 244 3006 generalem,
275 2932 326 3008 qui
346 2933 495 2991 Thomam
515 2931 643 2990 Parisios
664 2949 766 2991 secum
787 2931 869 2990 duxit
890 2940 920 2989 et
940 2939 1045 3006 postea

56 3029 204 3089 Coloniae
239 3031 364 3089 Alberto
400 3032 513 3105 Magno
549 3029 746 3089 erudiendum
779 3028 901 3087 tradidit
932 3022 1043 3103 (1245).

56 3128 198 3187 Albertus
218 3140 287 3189 ante
309 3129 553 3187 instaurationem
574 3129 749 3187 Scholarum
771 3127 809 3185 ad
830 3124 940 3201 gradus
969 3124 1044 3182 acci·

54 3226 185 3303 piendos
212 3227 340 3286 Parisios
367 3226 465 3299 venit3
499 3242 590 3300 quem
616 3244 685 3282 cum
712 3233 885 3297 sequeretur
912 3220 1044 3277 Thomas

33 3358 42 3418 1
55 3324 227 3400 discipulus
249 3326 288 3383 ab
309 3325 360 3381 illo
382 3322 512 3381 eruditur
526 3341 581 3397 per
598 3331 657 3377 tres
672 3336 767 3377 annos
781 3319 812 3374 in
827 3314 1044 3373 Sententiarum

30 3421 35 3459 i
110 3426 302 3473 Reinatadler,
318 3426 387 3466 Elem.
403 3424 482 3475 philos.
498 3422 566 3463 schol.
588 3420 606 3462 1.

5 3478 34 3645 l

828 3409 882 3455 a„
