2350 3700
195 137 236 171 DE
255 136 381 173 ACTIONE
400 136 437 171 ET
455 137 494 171 DE
514 132 649 173 Passront:
670 136 732 171 SIVE
753 136 790 171 DE
810 136 915 172 CAUSIS.
999 134 1044 185 311

120 279 148 359 α)
164 282 247 341 Finis
266 285 384 342 relative
397 285 512 341 ultimus
531 282 581 340 ille
596 293 648 354 est,
672 282 724 357 qui
743 283 774 339 in
789 284 885 358 aliquo
899 283 998 341 ordine
1011 283 1051 341 ad

64 372 231 430 ulteriorem
252 390 315 430 non
337 371 490 430 ordinatur
518 370 656 445 quidem,
685 371 740 429 etsi
767 372 806 429 ad
834 371 924 429 alium
951 372 1050 441 finem,

65 462 93 517 in
112 460 172 519 alio
193 460 309 533 ordine,
332 460 464 519 ordinari
484 470 591 535 potest.
627 459 708 519 Talis
730 469 774 518 est
795 478 820 519 e.
841 478 868 535 g.
890 477 946 536 pro
968 460 1052 518 semi·

64 550 170 608 narista
191 550 308 608 sanitati
336 550 510 608 consulente
539 549 674 624 perfecta·
700 548 808 608 mentis
835 558 864 607 et
893 548 1051 607 voluntatis

67 638 229 696 efformatio
251 638 444 713 acquirenda.

119 728 202 786 Finis
228 727 351 786 relative
378 727 511 798 ultimus,
542 726 664 802 quando
690 726 807 785 ultimus
829 736 873 786 est
896 725 925 784 in
951 726 1051 802 aliquo

67 827 145 887 ente,
174 816 215 873 ita
241 827 273 874 ut
300 818 331 874 in
350 817 403 874 hoc
420 818 480 892 iutro
500 823 561 873 ente
586 815 659 873 nulli
680 815 733 873 alii
750 816 916 887 ordinetur,
946 814 1052 873 dicitur

66 905 126 964 finis
146 904 264 963 ultimus
278 907 413 963 internus.
444 904 493 962 Sic
506 906 598 962 finem
612 904 745 963 ultimum
759 904 888 964 hominis
902 904 1051 963 internum

67 996 95 1051 in
114 995 212 1053 ethica
233 995 367 1053 dicemus
388 1012 452 1053 esse
473 993 564 1069 ipsius
585 992 714 1052 hominis
735 994 957 1053 beatitudinem.
1026 1032 1031 1041 ·

122 1077 148 1157 β)
164 1082 245 1141 Finis
259 1084 383 1141 absolute
400 1084 515 1141 ultimus
528 1081 579 1140 ille
594 1092 647 1153 est,
669 1080 721 1157 qui
742 1082 773 1140 in
793 1084 871 1140 omni
889 1083 987 1140 ordine
1008 1091 1052 1140 est
1150 1076 1151 1081 '

66 1172 194 1244 ultimus,
223 1171 265 1230 ita
291 1183 323 1230 ut
343 1172 383 1230 ad
403 1171 574 1230 ulteriorem
595 1188 657 1229 non
685 1170 780 1229 solum
800 1188 863 1229 non
889 1170 1050 1240 ordinetur,

27 1273 28 1344 l
65 1262 114 1319 sed
128 1278 228 1335 neque
242 1260 374 1319 ordinari
389 1262 489 1336 possit.
518 1260 600 1318 Talis
614 1270 659 1318 est
677 1258 708 1317 in
723 1259 860 1319 omnibus
874 1259 969 1335 gloria
984 1258 1050 1330 Dei,

65 1360 167 1409 utrem
181 1350 373 1409 ostendemus
386 1350 418 1408 in
431 1348 617 1409 theodicaea.
649 1348 824 1409 Cuiusmodi
836 1349 902 1407 finis
917 1368 953 1407 ex
967 1359 1050 1424 parte

27 1517 28 1522 ἵ
66 1450 263 1498 creaturarum
284 1439 488 1498 consideratus
509 1456 627 1514 semper
647 1438 774 1514 proinde
797 1448 841 1497 est
861 1446 1001 1496 externus.

123 1548 149 1603 3.
180 1530 225 1586 Ex
245 1539 329 1604 parte
347 1531 459 1602 gradus
478 1530 606 1604 influxus
626 1537 670 1585 est
691 1528 737 1586 vel
766 1526 921 1602 primarius
941 1527 989 1585 vel
1010 1546 1052 1587 se-

27 1649 28 1658 *
66 1618 232 1677 cundarius.

123 1707 205 1765 Finis
219 1709 383 1783 primarius
402 1707 450 1765 vel
470 1705 643 1782 principalis
664 1706 713 1764 ille
735 1715 793 1778 est,
819 1706 870 1781 qui
890 1704 1051 1781 praecipue
1150 1692 1151 1697 ἵ

66 1807 165 1856 movet
185 1814 278 1872 agens
299 1807 329 1856 et
342 1804 400 1872 per
418 1814 447 1854 se
466 1794 582 1871 sufficit.
621 1795 725 1854 Gloria
746 1795 805 1854 Dei
826 1812 851 1854 e.
872 1812 900 1870 g.
922 1804 966 1853 est
986 1792 1052 1852 finis

66 1885 237 1962 principalis
258 1886 346 1944 surdii
366 1886 441 1945 boni
461 1884 673 1944 seminaristae.

124 1975 206 2033 Finis
225 1976 406 2033 secundarius
418 1976 468 2034 vel
481 1973 665 2032 accessorius
681 1973 730 2032 ille
745 1983 797 2043 est,
820 1973 871 2048 qui
886 1972 1053 2047 adiungitur

65 2065 115 2121 fini
143 2064 317 2139 principali,
349 2064 403 2122 sed
430 2064 471 2122 ita
498 2074 530 2122 ut
556 2080 619 2120 non
646 2062 808 2138 praecipue
835 2072 962 2120 moveat.
1005 2061 1053 2119 Sic

66 2153 224 2212 delectatio
245 2153 403 2229 spirimalis
423 2153 471 2211 vel
492 2151 599 2210 utilitas
620 2153 667 2210 vel
688 2152 769 2209 bona
793 2150 967 2210 existimatio
989 2169 1054 2225 pos·

66 2254 133 2302 sunt
153 2260 218 2302 esse
237 2244 313 2302 fines
327 2243 496 2301 secundarii
514 2240 716 2300 seminaristae
732 2239 832 2298 studiis
846 2239 1053 2298 incumbentis.

125 2352 153 2404 4.
174 2331 256 2390 Finis
277 2331 416 2391 dividitur
436 2331 527 2390 etiam
547 2330 578 2388 in
599 2331 690 2388 finem
708 2330 808 2405 operis
822 2339 851 2388 et
871 2330 962 2388 finem
984 2347 1054 2403 ope·

66 2421 165 2479 rantis.

126 2509 207 2568 Finis
227 2511 319 2586 operis
339 2520 383 2568 est
403 2509 443 2581 id,
465 2509 504 2566 ad
526 2506 609 2582 quod
623 2507 701 2566 actio
721 2508 769 2566 vel
783 2524 858 2582 opus
878 2516 983 2564 natura
1002 2524 1054 2564 sua

67 2600 227 2658 ordinaurr.
269 2598 350 2657 Finis
371 2598 471 2674 operis
492 2599 700 2672 eleemosynae
727 2615 752 2654 e.
775 2615 802 2671 g.
825 2606 869 2654 est
890 2594 1053 2654 sublevatio

67 2687 214 2766 pauperis.

126 2769 208 2827 Finis
228 2769 372 2844 operantis
392 2767 490 2838 estid,
512 2768 551 2825 ad
566 2765 648 2840 quod
664 2783 792 2841 operans
806 2764 955 2823 actionem
971 2783 1054 2823 suam

68 2856 175 2934 dirigit.
217 2859 440 2932 Saepenumero
468 2865 513 2914 est
540 2855 604 2931 ipse
626 2854 692 2912 finis
713 2853 829 2929 operis,
857 2863 955 2929 potest
981 2871 1053 2911 vero

68 2968 86 3005 a
114 2949 174 3006 fine
204 2946 303 3022 operis
333 2964 397 3004 esse
428 2945 570 3003 diversus.
623 2943 671 3002 Sic
701 2943 767 3000 finis
798 2941 949 3018 operantis
980 2942 1055 2999 elee-

68 3054 207 3111 mosynas
233 3033 387 3093 tribuentis
415 3044 511 3110 potest
539 3051 603 3092 esse
625 3051 702 3090 vana
729 3032 823 3106 gloria
850 3029 1054 3106 adipiscenda.

47 3143 51 3156 ·
129 3142 155 3202 5.
177 3123 326 3199 Theologi
353 3123 484 3198 denique
512 3121 696 3196 distinguunt
722 3123 812 3178 finem
840 3120 1003 3177 naturalem
1026 3128 1055 3176 et

70 3215 334 3290 supernaturalem,
356 3223 445 3286 prout
466 3221 510 3270 est
533 3209 695 3269 secundum
717 3209 764 3266 vel
786 3227 874 3282 supra
894 3206 1055 3281 exigentias

70 3305 117 3362 vel
136 3303 214 3361 vires
233 3313 364 3360 naturae.
