2350 3700
151 127 200 178 172
527 128 761 166 CRITERIOLOGIA.

148 293 233 334 mens
253 286 388 336 movetur
408 276 448 334 ad
468 294 622 336 assensum
642 277 693 335 tali
712 276 827 335 veritati
840 274 1062 352 praestandum
1080 273 1132 334 sine

149 364 269 424 errandi
290 364 459 424 formidine.
481 395 521 404 —-
542 367 630 425 Haec
652 375 711 425 est:

208 454 257 512 vel
286 453 437 513 evidentia
466 456 636 513 testimonii:
670 455 751 514 clara
784 455 941 514 visibilitas
967 455 1154 528 ‘nutritorium

148 543 340 600 credibilitatis
359 543 481 602 alicuius
500 543 641 616 veritatis,
663 544 681 602 i.
702 562 728 602 e.
750 544 907 616 rationum,
933 542 1048 619 quibus
1068 537 1154 600 clare

148 641 274 708 apparet
292 641 399 691 testem
419 633 551 691 locutum
572 651 653 705 esse,
676 643 706 693 et
725 633 823 709 ipsum
851 651 916 692 esse
946 633 1095 692 scientem
1114 641 1137 688 et

147 739 300 796 veracem3
321 720 364 780 sic
385 740 411 780 e.
433 740 461 797 g.
484 720 608 780 evidens
630 732 674 781 est
695 723 857 782 Caesarem
878 722 1050 796 exstitisse,

209 811 256 869 vel
286 810 437 869 evidentia
463 811 503 870 de
532 812 724 888 imprudentia
751 813 847 870 dubii:
876 813 962 871 clara
992 809 1138 869 visibilitas

147 898 365 976 imprudentiae
390 900 473 958 dubii
494 899 575 958 circa
595 900 766 972 veritatem,
794 920 871 976 quae
891 919 999 977 neque
1029 899 1138 958 interne

147 1007 246 1064 neque
267 998 389 1048 externe
410 1007 465 1064 per
478 989 680 1048 testimonium
701 990 788 1050 nobis
807 990 996 1049 sufficienter
1009 999 1137 1065 apparet.

147 1078 238 1137 Clara
254 1088 354 1137 autem
367 1078 417 1136 illa
430 1077 649 1154 imprudentiae
663 1079 816 1138 visibilitas
830 1079 922 1138 oritur
940 1098 982 1138 ex
997 1097 1046 1151 eo,
1062 1079 1137 1153 quod

147 1166 358 1226 obscuritatem
378 1166 468 1239 illam,
489 1186 553 1226 non
574 1185 611 1226 ex
631 1167 675 1226 rei
696 1167 914 1239 incertitudine,
937 1169 996 1227 sed
1019 1185 1057 1226 ex
1070 1165 1136 1224 limi-

147 1255 260 1315 tatione
269 1254 435 1316 intellectus
444 1256 539 1316 nostri
548 1256 879 1332 provemrendemus¹
909 1259 1004 1316 Haec
1014 1256 1135 1332 proinde

150 1344 300 1404 evidentia
321 1345 360 1403 de
374 1343 575 1420 imprudentia
596 1345 726 1403 dubii'
699 1365 760 1404 vim
774 1345 962 1419 motivorum,
988 1363 1068 1420 quae
1081 1345 1154 1402 sive:

148 1436 258 1491 interne
278 1433 340 1493 sive
361 1441 475 1492 externe
494 1433 594 1510 primo
614 1433 720 1493 intuitu
745 1434 960 1494 insufficienter
982 1415 1154 1510 apparenti

147 1523 186 1581 ad
208 1521 299 1581 instar
319 1523 534 1599 complementi
548 1522 702 1582 cuiusdam
717 1542 803 1598 quasr
795 1523 941 1599 'perficit
972 1522 1133 1582 Clariorem

146 1611 227 1670 enim
248 1611 339 1670 efficit
358 1613 547 1671 visibilitatem
566 1613 676 1670 valoris
696 1631 816 1684 eorum,
847 1631 916 1680 eum
936 1612 1029 1672 nobis
1044 1611 1135 1669 'mani-

146 1702 247 1772 festet,
276 1699 387 1760 motiva
414 1701 479 1772 illa,
508 1701 579 1760 licet
605 1700 816 1760 insufficientia
842 1703 900 1760 sint
923 1703 964 1760 ad
985 1719 1133 1760 assensum

145 1789 252 1849 mentis
261 1791 438 1868 rapiendum,
453 1807 557 1848 revera
567 1800 669 1849 tamen
678 1809 743 1850 esse
753 1791 831 1863 talia,
842 1801 873 1848 ut
882 1792 1052 1867 prudenter
1061 1799 1133 1865 agat,

146 1880 197 1955 qui
218 1881 272 1939 sub
294 1898 398 1938 eorum
411 1879 522 1937 influxu
535 1879 652 1939 veritati
664 1882 795 1956 firmiter
808 1881 961 1939 adhaeret.
991 1879 1132 1939 Iudicium

146 1969 282 2045 proinde,
300 1969 382 2044 quod
397 1988 434 2027 ex
447 1969 504 2027 hac
519 1968 669 2028 evidentia
683 1969 784 2040 oritur,
800 1978 844 2028 est
858 1968 1002 2029 indicium
1017 1990 1038 2027 a
1051 1970 1133 2027 libero

145 2060 289 2117 voluntate
301 2060 477 2134 imperatum.
500 2058 570 2131 Quo
584 2060 624 2129 fit,
642 2068 673 2116 ut
687 2057 868 2117 evidentiam
882 2060 922 2118 de
936 2058 1132 2135 imprudentia

146 2146 228 2206 dubii
248 2157 331 2206 recte
352 2146 485 2205 dicamus
506 2146 687 2223 principium
707 2165 772 2206 esse
801 2147 986 2207 certitudinis
1017 2148 1130 2207 liberae.

146 2236 307 2312 Speciatim
327 2255 400 2295 vero
421 2236 540 2294 maximi
561 2236 707 2295 momenti
728 2247 773 2295 est
792 2236 824 2295 in
852 2236 1042 2312 acquirenda
1070 2234 1129 2293 fidei

145 2325 331 2397 certitudine,
353 2325 435 2383 cuius
456 2324 635 2401 principium
657 2336 701 2384 est
722 2324 875 2384 evidentia
888 2326 1063 2385 testimonii.
1093 2326 1129 2381 Ex

145 2414 180 2473 iis
201 2416 291 2486 enim,
313 2432 390 2489 quae
412 2433 502 2490 supra
521 2409 560 2490 (p.
580 2418 645 2490 158,
663 2409 691 2489 2)
712 2414 847 2486 diximus,
870 2414 1007 2491 apprime
1032 2413 1129 2474 scimus

145 2506 224 2562 hanc
244 2501 405 2563 testimonii
426 2502 608 2562 evidentiam
628 2522 690 2561 non
712 2503 769 2561 nisi
790 2521 858 2561 raro
879 2522 945 2563 esse
965 2504 1127 2579 perfectam.

205 2592 338 2669 Quando
358 2593 397 2651 de
419 2592 569 2651 evidentia
589 2591 763 2668 simpliciter
783 2602 813 2651 et
833 2592 897 2651 sine
919 2591 1024 2651 addito
1041 2608 1129 2653 sermo

145 2694 197 2757 est,
219 2701 282 2741 non
302 2700 371 2741 raro
392 2681 571 2757 intellegitur
590 2680 740 2741 evidentia
752 2682 869 2740 interna
891 2692 921 2740 et
942 2680 993 2740 illa
1013 2681 1128 2758 quidem

145 2772 325 2833 immediata.

205 2865 253 2921 Ex
273 2861 309 2920 iis
330 2870 437 2932 autem,
460 2878 538 2936 quae
553 2860 699 2936 capitibus
714 2859 961 2919 antecedentibus
975 2856 1127 2919 declaravi·

145 2972 218 3025 mus,
241 2961 359 3011 constat
379 2952 486 3008 multas
507 2968 572 3009 esse
593 2950 740 3023 veritates,
763 2968 888 3025 quarum
910 2949 1064 3008 evidentia
1077 2948 1126 3007 sive

144 3042 262 3101 interna
282 3040 344 3099 sive
365 3050 488 3099 externa
509 3038 578 3098 satis
599 3038 686 3098 nobis
707 3048 847 3116 apparet,
869 3047 900 3097 ut
921 3038 961 3099 de
982 3037 1056 3115 ipsis
1076 3056 1126 3096 cer·

144 3130 302 3189 titudinem
322 3130 434 3188 habere
455 3127 610 3204 possimus.

210 3322 219 3353 ¹
237 3324 277 3370 cf.
297 3338 373 3385 supra
390 3337 417 3383 p.
440 3322 496 3383 158.
