2350 3700
354 146 392 183 bn
411 146 575 183 ca1r1c1suo
594 146 753 185 xnnrmuo.
827 119 829 122 ¹

446 324 607 363 narramus
627 326 658 363 u.

307 428 355 476 DE
375 426 580 477 CRITICISMO
599 426 798 476 KANTIANO.

389 556 407 625 ἓ
429 573 451 610 1.
482 561 554 610 Eius
572 561 718 624 expositio.

116 684 214 731 Kantii
233 684 392 733 consilium.
429 674 578 732 Kantius¹
599 674 638 732 ad
657 669 833 750 patiendam
846 691 949 731 veram
963 674 1047 732 certi-

51 762 194 821 tudinem
215 763 340 821 onmino
354 763 556 822 necessarium
570 781 635 822 esse
650 762 740 836 duxit,
761 773 795 821 ut
814 762 905 838 ipsius
925 761 1048 820 rationis

52 852 207 911 humanae
233 852 315 911 crisis
336 854 515 925 instituatur,
544 851 725 927 inquirendo
747 861 816 910 ante
837 851 952 923 omnia,
974 870 1046 910 num

54 960 162 1000 revera
192 942 355 1001 habeamus
385 943 556 1001 facultatem
586 939 792 1017 cognoscendi
820 959 870 1011 ea,
900 959 974 1016 quae
1001 959 1046 998 ex·

48 1034 233 1106 pertentium,
256 1032 274 1091 i.
297 1050 323 1090 e.
345 1038 481 1089 naturam
495 1033 652 1108 physicam,
674 1029 897 1097 transcendunt.

115 1122 239 1197 Duplex
259 1122 340 1180 enim
361 1121 527 1197 generatim
548 1120 701 1196 distinguit
728 1118 907 1195 cognitionis
926 1128 1047 1179 nostrae

57 1210 225 1269 obiectum:
248 1211 458 1287 phaenomena
479 1210 593 1269 scilicet
614 1220 644 1269 et
662 1227 822 1268 noumena

114 1300 320 1357 Phaenomena
340 1310 408 1358 sunt
427 1318 526 1358 rerum
547 1301 741 1376 apparentiae,
765 1315 843 1373 quae
864 1297 1048 1373 experientia

57 1407 200 1447 sensuum
221 1400 440 1465 cognoscuntur
462 1384 729 1465 (Erscheinungen,
752 1381 1005 1463 Sinnenwesen)⁸.
1078 1401 1082 1407 '

116 1478 275 1537 Noumena
294 1496 367 1537 vero
387 1488 454 1536 sunt
475 1479 565 1537 realia
586 1478 645 1549 illa,
667 1495 744 1553 quae
766 1476 811 1534 his
831 1476 1048 1553 phaenomenis

55 1569 198 1638 subsunt,
229 1578 260 1626 et
287 1568 367 1626 circa
396 1586 472 1642 quae
500 1577 634 1626 versatur
661 1566 793 1625 activitas
822 1566 988 1624 intellectus
1017 1575 1048 1624 et

53 1657 183 1716 rationis
205 1652 290 1731 (adas
310 1656 392 1732 Ding
413 1675 452 1715 an
473 1656 564 1729 sich»,
587 1650 882 1729 Verstandeswesen)
892 1656 911 1714 ⁸.

117 1748 168 1805 De
189 1746 236 1804 his
264 1745 352 1821 igitur
371 1746 529 1805 noumenis
549 1745 693 1816 Kantius,
720 1754 752 1802 ut
773 1743 961 1821 scepticismo
981 1762 1047 1803 sese

52 1836 223 1896 efficaciter
237 1834 379 1908 obiceret,
399 1834 605 1910 quaestionem
620 1833 676 1894 sibi
689 1834 863 1910 ponendam
877 1852 941 1893 esse
955 1832 1046 1906 duxit,

51 1946 130 1985 num
149 1925 228 1984 ratio
248 1927 378 1983 humana
398 1923 448 1983 illa
469 1925 615 2001 attingere
636 1923 736 2000 possit,
758 1923 822 1981 aliis
842 1923 955 1995 verbis,
978 1943 1046 1982 cum

50 2034 211 2075 noumena
239 2013 297 2073 sint
324 2033 371 2073 res
398 2015 635 2090 metaphysicae:
671 2020 767 2072 utrum
794 2013 981 2089 metaphysica
1010 2015 1048 2070 sit

46 2106 197 2181 passibilis
218 2106 329 2163 aecm‘.

119 2289 128 2321 ¹
148 2291 289 2340 immanuel
308 2291 385 2352 Kant,
405 2291 571 2356 Regismontii
585 2287 777 2354 (Kbnigsberg)
796 2305 864 2338 anno
880 2300 947 2350 1724
966 2298 1045 2348 natus,

52 2373 141 2437 ibique
160 2371 340 2436 philosophiae
358 2373 488 2437 professor
509 2381 691 2433 1770—1797,
711 2379 825 2419 mortuus
846 2369 920 2430 1804.

115 2450 127 2482 ²
149 2452 216 2502 «Die
234 2451 361 2517 Wirkung
379 2452 448 2502 eines
462 2451 656 2516 Gegenstandes
675 2451 720 2499 auf
735 2451 776 2500 die
789 2450 1046 2514 Vorstellungslihig·

50 2533 114 2594 keit,
135 2533 223 2582 sofern
242 2533 286 2582 wir
304 2549 354 2582 von
373 2533 519 2582 demselben
545 2532 652 2581 afficiert
676 2531 792 2591 werden,
818 2531 849 2580 ist
867 2531 1046 2594 Empfindung.

50 2614 190 2678 Diejenige
202 2613 383 2678 Anschauung,
402 2613 499 2662 welche
518 2612 571 2662 sich
590 2613 636 2661 auf
651 2612 701 2661 den
715 2611 879 2676 Gegenstand
896 2610 976 2659 durch
990 2610 1046 2658 Em-

50 2694 184 2760 pfindung
201 2693 315 2754 bezieht,
341 2693 416 2742 heisst
434 2694 569 2758 empiriseh.
608 2695 663 2742 Der
684 2692 861 2741 unbestimmte
881 2690 1048 2756 Gegenstand

51 2776 124 2824 einer
151 2773 321 2838 empirischen
348 2775 523 2838 Auschauung
550 2774 626 2823 heisst
653 2773 840 2836 Eescaeinung»
873 2767 971 2834 (Kritik
1002 2771 1048 2819 der

51 2857 140 2905 reinen
150 2855 276 2904 Vernunst
287 2871 312 2919 p.
325 2866 355 2916 31
370 2850 438 2918 [48])
449 2879 484 2889 -
493 2856 571 2904 Nota.
585 2855 615 2903 In
629 2854 692 2903 locis
704 2853 777 2901 huius
792 2853 876 2916 operis
888 2851 1047 2916 proferendis

51 2937 161 3000 paginas
181 2935 277 3000 duplici
294 2942 356 2984 nota
373 2935 470 2984 numeri
489 2935 661 2984 indicabimus.
699 2934 770 2983 Prior
796 2933 904 2981 refertur
928 2931 962 2980 ad
986 2932 1046 2993 edit.

52 3017 215 3066 Rosmkrana
235 3011 337 3078 (1838),
358 3013 437 3064 altera
455 3015 488 3064 ad
507 3016 565 3064 edit.
586 3016 693 3064 Reclam.

112 3095 123 3127 ³
144 3096 210 3146 Ibid.
231 3114 257 3162 p.
281 3096 329 3158 196
349 3092 435 3159 (221).
457 3108 505 3144 211
528 3092 616 3160 (235).

111 3175 122 3206 ⁴
146 3177 247 3227 «Meine
267 3177 375 3226 Absicht
393 3177 432 3236 ist,
453 3176 501 3225 alle
520 3176 676 3240 diejenigen,
695 3190 724 3223 so
743 3190 770 3223 es
789 3179 852 3222 wert
871 3171 972 3231 finden,
992 3173 1045 3222 sich

53 3259 96 3306 mit
120 3257 287 3322 Metapbysik
312 3273 343 3305 zu
368 3257 558 3320 besehiltigen,
589 3273 621 3303 zu
645 3255 821 3316 tlberzeugen,
862 3251 918 3298 dass
949 3267 976 3298 es
1003 3267 1046 3298 un-

54 3338 217 3404 umginglich
244 3337 391 3402 notwendig
417 3337 466 3394 sei,
495 3337 549 3384 ihre
574 3335 664 3382 Arbeit
688 3330 850 3380 vorderhand
876 3336 1045 3383 auszusetzen,

852 3412 890 3471 ⁷0
