2350 3700
387 167 464 202 DE
501 166 751 203 ACTIONE
790 168 862 203 ET
901 168 979 203 DE
1018 168 1289 205 PASSIONE
1329 168 1455 204 SIVE
1495 170 1571 204 DF.
1611 171 1823 207 CAVSIS.
2000 171 2088 219 3131

237 313 593 389 Principalis
646 332 719 372 ea
773 324 862 373 est
917 334 1124 387 causa,
1185 334 1338 390 quae
1394 317 1474 374 ad
1529 319 1803 375 effeetunfi
1859 319 2104 391 prepria

106 402 333 461 virtute
378 402 758 461 efficiendum
801 406 915 462 vim
956 405 1195 462 alterius
1251 405 1362 462 sibi
1395 406 1731 463 subm-deses
1783 415 1835 463 et
1887 407 2100 479 dirigit.

110 490 212 549 Sic
258 492 475 550 artifex
528 493 745 551 malleo
788 503 958 552 utens
999 493 1077 551 ad
1134 494 1355 552 ferrum
1396 495 1739 569 fingendum
1799 507 1883 551 eet
1927 515 2104 551 cenea

108 579 468 656 principalis
507 581 677 639 huius
718 580 968 641 actionis
1010 582 1294 657 fingendi.

235 670 706 728 Instrumentalis
747 665 1243 746 (instrumentum)
1300 690 1374 731 ea
1415 681 1520 744 est,
1571 691 1747 747 {tessere
1787 675 1899 731 eim
1944 695 2104 731 ,ΞΞΞΞΞΞΞΞΞ

112 761 335 816 exserit
375 759 447 816 ab
474 760 591 817 alio
630 760 957 829 directam»,
999 770 1062 818 ut
1091 770 1181 819 est
1209 762 1454 819 malleus
1496 762 1555 819 in
1587 763 1863 835 exemplo
1907 763 2100 819 allate.

242 850 353 905 «In
397 866 575 907 causa
616 848 1076 921 instrumentali,
1139 850 1222 908 uti
1264 868 1338 909 ex
1378 850 1551 909 dictis
1595 851 1835 927 agnosci
1891 863 2100 927 putee-t,

109 936 340 1011 duplex
386 936 541 995 actio
584 938 839 1013 spectari
869 937 1081 998 debet:
1126 958 1262 1010 una,
1307 957 1460 1014 quae
1503 939 1627 996 fluit
1671 959 1703 999 e
1747 943 1939 999 ferrea
1980 959 2100 1007 eea,

111 1043 398 1100 quaeque
456 1035 545 1084 est
598 1028 842 1103 propria
899 1027 1061 1102 eius;
1119 1046 1263 1086 nam
1321 1029 1567 1087 malleus
1623 1031 1699 1087 ed
1759 1031 2104 1103 fingendum

110 1115 339 1173 sermm
404 1125 463 1173 et
522 1133 687 1174 serra
742 1116 819 1174 ad
880 1116 1278 1175 scindendum
1342 1117 1567 1192 lignum
1631 1135 1875 1191 ciperem
1935 1135 2100 1175 suem

113 1213 442 1278 praestant.
527 1206 735 1264 Altera
773 1223 949 1277 vem,
995 1224 1175 1280 quam
1218 1225 1254 1263 a
1296 1225 1474 1264 causa
1514 1207 1827 1283 principali
1875 1207 2100 1283 recipit,

115 1303 417 1367 quatenus
458 1293 515 1352 ei
556 1294 838 1353 subicitur
878 1294 956 1353 ad
985 1294 1366 1355 efficiendum
1396 1294 1475 1367 id,
1522 1299 1683 1371 qued
1731 1315 1903 1351 cauea
1952 1299 2104 1371 prin-

114 1381 327 1457 cipalis
357 1381 497 1458 agit.
554 1384 731 1441 Haec
759 1384 945 1442 motio
973 1384 1036 1442 in
1065 1403 1146 1456 re,
1195 1402 1348 1459 quae
1377 1383 1591 1443 dicitur
1631 1387 2100 1455 instrumentum,

113 1470 373 1529 fluenter
416 1482 689 1546 recepta,
738 1476 1112 1531 causationem
1153 1474 1635 1531 instrumentalem
1679 1475 1919 1547 prepi-ie
1968 1491 2104 1531 een-

115 1558 303 1618 stituit
331 1562 367 1618 ¹.

241 1670 295 1707 2.
342 1648 604 1708 Ratione
647 1615 906 1723 effulta,
952 1658 1137 1727 prout
1173 1672 1212 1709 a
1253 1671 1423 1710 causa
1459 1662 1775 1719 intenditur.
1823 1653 2100 1711 diffiditur

118 1738 174 1794 in
218 1757 471 1797 causam
512 1757 621 1813 per
663 1757 727 1797 se
770 1750 831 1798 et
871 1757 1111 1798 causam
1152 1758 1263 1815 per
1304 1739 1603 1799 accidens

240 1827 445 1886 Causa
473 1836 588 1904 per
625 1847 683 1886 se
710 1828 924 1889 dicitur
952 1848 1131 1889 causa
1170 1830 1416 1890 relative
1459 1830 1537 1889 ad
1579 1831 1875 1900 effectum.
1919 1852 2096 1908 quem

120 1919 457 1976 «secundum
499 1920 857 1978 intentionem
898 1927 1176 1977 naturae»
1198 1964 1215 1989 ,
1274 1921 1398 1991 vel,
1453 1921 1502 1978 si
1545 1940 1723 1980 cauea
1765 1932 1851 1980 eet
1895 1920 2096 1988 liber-a.

116 2007 419 2066 secundum
461 2008 696 2066 liberam
738 2010 1095 2088 intentionem
1136 2009 1431 2084 producit.
1516 2011 1779 2068 Effectum
1827 2012 1996 2084 proin
2004 2009 2096 2080 de.

118 2097 280 2154 cuius
327 2095 557 2171 aliquid
599 2097 811 2156 dicitur
854 2116 1031 2157 causa
1072 2114 1183 2174 per
1223 2116 1304 2171 se,
1347 2098 1480 2156 talis
1520 2112 1607 2156 eet
1627 2148 1639 2168 ‚
1683 2112 1747 2156 ut.
1787 2100 1863 2156 ati
1907 2100 2096 2172 ipsum

115 2185 577 2260 producendum
605 2188 757 2246 haec
787 2205 965 2246 causa
1005 2189 1098 2246 vel
1129 2186 1523 2247 determinata
1563 2188 1635 2244 5th
1679 2208 1711 2244 a
1743 2208 1843 2244 ene
1871 2200 2096 2256 nutura,

118 2277 222 2347 vel,
270 2275 325 2333 si
367 2275 558 2334 libera
600 2286 704 2348 est,
749 2294 811 2335 se
856 2294 928 2334 ex
968 2275 1302 2335 intentione
1345 2276 1843 2336 determinaverit.
1919 2276 2100 2332 Cihue

118 2381 160 2421 e.
191 2383 249 2439 g.
287 2374 381 2422 est
410 2382 589 2423 causa
630 2383 741 2440 per
784 2384 847 2424 se
876 2365 1373 2441 augmentationis
1400 2366 1607 2423 virium
1643 2384 2100 2440 eea-pereffluam

118 2453 253 2512 item
315 2464 597 2525 venator,
663 2473 797 2512 cum
841 2454 903 2512 in
960 2455 1238 2554 leporem
1270 2455 1599 2530 sclopetum
1647 2456 1968 2512 effieeeiter
2008 2472 2104 2512 ex-

48 2542 325 2616 plodit‚
370 2543 438 2600 fit
477 2560 658 2601 causa
696 2561 805 2618 per
847 2562 911 2602 se
954 2543 1271 2602 occisionis
1312 2545 1546 2619 leporis

237 2704 252 2734 ¹
296 2705 503 2769 Lepidi,
552 2705 713 2755 Elem.
754 2707 880 2772 phil.
919 2707 1089 2756 christ.
1130 2708 1211 2767 II,
1254 2707 1372 2757 268.
1413 2735 1480 2744 —-
1519 2707 1603 2756 Ati
1639 2724 1743 2756 rem
1783 2712 1835 2756 Η
1875 2708 2096 2752 Ileeter:

124 2785 396 2847 «Quamvis
435 2786 570 2833 enim
596 2803 784 2848 serra»,
826 2787 1003 2852 inquit,
1052 2789 1268 2837 «habeat
1294 2789 1512 2853 aliquam
1539 2792 1803 2848 amionem
1843 2804 2020 2852 quae-
2000 2788 2096 2832 *nihi

122 2865 362 2930 competit
399 2866 675 2914 secundum
712 2867 971 2932 propriam
1008 2869 1233 2928 formam,
1274 2877 1329 2916 ut
1366 2868 1843 2928 dividere;teme11
1883 2868 2100 2932 aliquem

122 2945 352 2994 effectum
388 2945 577 3007 habet,
631 2947 716 3011 qui
754 2947 851 2996 sibi
891 2963 992 2996 non
1030 2949 1299 3013 competit,
1354 2949 1446 2996 nisi
1485 2948 1535 2995 in
1575 2956 1815 3012 quantum
1855 2964 1907 2992 ee
1911 2956 1927 2996 t
1968 2956 2100 2992 meta

120 3024 177 3071 ab
209 3025 424 3085 artifice,
462 3025 662 3076 scilicet
685 3026 854 3076 facere
877 3036 1065 3076 rectam
1093 3028 1393 3077 incisionem
1421 3035 1471 3076 et
1496 3028 1879 3076 convenientem
1907 3028 2100 3072 ferreae

118 3105 254 3154 artis:
318 3113 371 3154 et
420 3106 492 3155 sic
544 3107 929 3156 instrumentum
978 3107 1136 3156 habet
1188 3108 1312 3157 duas
1363 3111 1707 3173 operationee;
1771 3124 1919 3152 unam
1972 3120 2100 3168 quae

120 3186 358 3249 competit
393 3186 442 3235 ei
479 3187 756 3236 secundum
793 3189 1006 3236 formam
1044 3187 1330 3252 propriam3
1388 3188 1567 3248 aliam,
1607 3204 1739 3252 quae
1779 3188 2020 3248 eempetit
2056 3188 2096 3232 ei

123 3266 394 3313 secundum
432 3267 571 3330 quod
610 3275 686 3316 est
722 3276 913 3316 motum
951 3285 981 3316 a
1017 3284 1111 3332 per
1147 3284 1201 3317 se
1238 3276 1452 3332 agente,
1493 3284 1619 3332 quae
1663 3268 1972 3316 transcendit
2012 3267 2096 3312 vir-

106 3353 268 3393 tutem
310 3347 550 3410 propriae
589 3349 811 3396 formae»
858 3346 965 3410 (De
1003 3349 1145 3397 verit.
1187 3365 1234 3412 q.
1277 3360 1359 3408 27,
1401 3364 1444 3398 a.
1484 3346 1559 3410 4).
