2350 3700
442 163 481 199 nn
500 162 701 202 noannrtsno.
1016 164 1065 215 133

58 310 196 385 quidem
224 320 324 388 potest
351 320 448 382 actus,
477 320 579 370 manet
605 321 708 370 tamen
734 311 889 370 tendentia
916 312 964 369 vel
986 311 1068 371 incli-

58 399 149 457 natio
173 399 328 475 inqnieta,
358 401 457 459 donec
478 400 619 459 deveniat
638 401 670 459 in
697 400 808 459 obiecti
836 400 880 460 sui
907 400 1066 477 possessio·

58 506 153 560 nem,
189 489 223 548 in
253 508 313 565 qua
340 489 461 548 demum
489 490 662 549 delectatur.
704 490 854 564 «Quando
882 508 929 548 res
959 490 1066 549 consti·

59 586 193 636 tuuntur
214 577 246 636 in
267 577 389 655 propria
418 578 593 655 operatione
619 578 797 651 conaturali,
826 578 868 636 ait
888 579 917 637 S.
939 580 1065 651 Doctor,

61 677 93 725 et
114 685 187 725 non
209 666 369 744 impedita,
399 667 532 743 sequitur
558 666 735 739 delectatio,
768 686 844 744 quae
873 667 1006 727 consistit
1033 668 1065 725 in

63 757 242 833 perfectum
264 774 356 816 esse.»
372 758 379 790 ¹

128 857 274 914 Iamvero
306 855 422 915 «omnis
451 855 543 914 homo
573 855 745 915 naturaliter
775 854 851 914 scire
882 842 1062 915 desiderat».

65 944 210 1003 Veritate
220 944 302 1003 enirn
316 954 345 1004 et
359 944 536 1005 certitudine
546 963 631 1004 mens
644 962 748 1004 revera
762 945 876 1018 indiget.
905 945 955 1004 Ad
969 944 1066 1021 ipsam

66 1033 307 1109 possidendam,
335 1034 389 1093 etsi
410 1034 518 1093 crebro
539 1034 570 1092 in
591 1052 725 1093 errorem
745 1033 920 1105 incidimus,
948 1051 1067 1109 semper

68 1132 174 1183 tamen
195 1122 338 1199 erigimur
359 1133 389 1182 et
409 1124 598 1183 anhelamus:
620 1123 660 1182 ad
680 1124 776 1201 ipsam
796 1122 953 1194 tendimus,
975 1132 1006 1181 ut
1026 1122 1066 1181 ad

13 1224 15 1227 ·
69 1230 178 1271 veram
200 1213 309 1272 mentis
330 1212 554 1273 beatitudinem.

132 1314 176 1370 Et
196 1330 229 1371 re
252 1310 373 1386 quidem
393 1330 465 1371 vera
489 1312 521 1371 in
542 1311 764 1373 difficultatibus
791 1320 821 1370 et
841 1310 938 1371 dubiis
958 1311 1066 1369 veritas

69 1402 245 1460 invenienda
259 1400 346 1460 nobis
360 1401 445 1475 quasi
458 1402 577 1472 arridet,
593 1420 649 1461 nos
662 1400 765 1461 incitat
779 1411 809 1460 et
823 1400 929 1474 allicit3
949 1402 1066 1459 inventa

71 1501 175 1550 autem
196 1500 227 1550 et
246 1500 329 1550 certo
350 1490 471 1567 cognita
491 1492 602 1567 gaudio
622 1490 727 1567 implet
747 1500 777 1550 et
797 1489 1005 1549 delectatione.
1025 1520 1064 1529 -

71 1582 165 1639 Haec
186 1579 298 1652 omnia,
320 1580 482 1639 reflexione
502 1599 593 1657 super
612 1591 694 1640 actus
714 1591 833 1639 nostros
853 1578 963 1652 habita,
985 1579 1065 1638 clare

73 1669 186 1744 cuique
207 1679 363 1746 apparent.

136 1768 305 1827 Facultates
325 1766 452 1845 proinde
480 1768 654 1828 naturaliter
681 1769 719 1828 ad
748 1768 903 1827 veritatem
930 1776 998 1826 sunt
1024 1766 1065 1824 in·

74 1859 214 1930 clinatae,
237 1857 301 1917 aliis
321 1857 434 1917 verbis:
450 1868 508 1936 per
527 1877 556 1917 sc
575 1877 638 1918 non
659 1859 804 1919 inducunt
824 1858 855 1917 in
876 1875 1017 1917 errorem.

138 1977 165 2015 2.
187 1957 286 2016 Causa
299 1957 427 2033 proinde
448 1957 498 2016 illa
518 1976 581 2016 non
595 1969 641 2018 est
653 1958 711 2016 nisi
731 1958 763 2016 in
776 1957 820 2031 iis,
843 1974 920 2033 quae
942 1967 1065 2015 naturae

75 2047 216 2106 accidere
237 2056 377 2122 possunt,
405 2046 469 2106 aliis
489 2047 604 2107 verbis:
633 2049 756 2107 facultas
784 2065 847 2105 non
873 2046 906 2104 in
933 2063 1066 2106 errorem

75 2137 159 2195 ducit
180 2135 238 2196 nisi
252 2145 310 2213 per
330 2136 460 2195 aeciam.

137 2235 231 2308 Quod
260 2233 373 2310 duplici
402 2234 493 2294 modo
523 2235 587 2294 fieri
617 2245 730 2312 potest:
765 2236 813 2294 vel
840 2253 877 2294 ex
898 2253 952 2306 eo,
983 2234 1065 2310 quod

76 2334 210 2384 versatur
238 2323 318 2382 circa
339 2324 504 2396 obiectum,
531 2325 570 2385 ad
592 2325 674 2400 quod
695 2324 983 2400 apprehendendum
1003 2340 1065 2381 non

77 2424 121 2474 est
147 2423 219 2472 nata
241 2409 421 2490 (tobiectum
442 2432 497 2490 per
517 2408 708 2489 accidens»)3
736 2415 784 2473 vel
805 2433 842 2473 ex
862 2432 908 2485 eo,
931 2412 1013 2489 quod
1034 2413 1065 2470 in

11 2549 15 2588 :
76 2512 159 2562 motu
180 2520 235 2562 suo
254 2502 381 2561 naturali
401 2503 440 2562 ad
460 2502 612 2563 obiectum
633 2521 725 2576 suum,
748 2503 863 2562 ratione
882 2501 1012 2577 quadam
1026 2503 1064 2561 ab

77 2592 245 2652 extrinseco
266 2592 459 2663 adveniente,
491 2592 669 2669 impediatur
698 2594 745 2652 vel
774 2593 971 2670 perturbetur.
1014 2591 1064 2649 Ad

76 2683 130 2742 has
150 2682 225 2741 duas
245 2681 367 2741 errandi
387 2681 561 2742 occasiones
582 2683 686 2742 sedulo
701 2681 830 2758 proinde
850 2680 1064 2740 attendendum

78 2783 128 2831 est.
160 2771 301 2830 Obiectum
315 2790 390 2841 aera,
405 2773 448 2830 ad
457 2772 535 2846 quad
543 2772 808 2848 apprehendendum
820 2771 953 2845 facultas
966 2771 1065 2844 aliqua

78 2868 119 2919 est
136 2868 217 2930 nata,
239 2861 343 2918 dicitur
362 2862 492 2920 obiectum
506 2864 669 2938 proprium.

137 2960 202 3018 Stat
222 2977 296 3035 ergo
317 2959 485 3019 conclusio:
511 2970 597 3019 Nulla
620 2970 739 3020 facultas
765 2983 815 3033 per
836 2983 868 3018 se
894 2969 923 3018 in
943 2981 1064 3017 errorem

79 3050 162 3108 ducit,
183 3049 296 3111 quoties
315 3057 441 3100 versatur
459 3050 533 3100 circa
551 3051 695 3100 obiectum
713 3064 798 3100 suurn
817 3049 966 3113 proprium.

138 3268 148 3300 ¹
167 3269 193 3320 S.
215 3269 293 3320 theol.
316 3283 337 3332 1,
358 3283 382 3332 2,
403 3287 426 3335 q.
448 3283 489 3334 31,
509 3288 530 3320 a.
555 3284 564 3319 1
587 3272 621 3320 ad
642 3284 664 3321 1.
