2350 3700
138 168 191 219 ²7⁰
509 171 551 231 ¹nn
570 170 749 207 cnraoonns.

137 336 243 377 omnes
263 318 454 394 operationes
475 317 531 376 sibi
552 328 772 377 consentaneas
793 334 934 376 exercere
955 325 1054 392 potest
1072 333 1120 391 per

137 425 169 466 se
191 407 297 483 ipsum,
320 408 392 483 quin
412 407 553 483 indigeat,
575 418 608 465 ut
629 407 774 466 eumalio
796 406 915 465 exsistat
929 407 946 464 ¹.
983 406 1063 463 Talis
1082 414 1122 462 est

137 514 163 555 e.
186 515 214 571 g.
236 496 338 568 homo,
360 514 462 571 equus,
485 497 583 568 arbor,
607 506 662 555 etc.

197 585 366 644 Substantia
393 587 556 661 incompleta
583 595 643 656 est,
674 603 722 643 ens
744 594 801 661 per
827 604 855 642 se
876 587 1026 653 exsistam,
1057 584 1127 657 quod

42 730 57 740 ,.
136 675 290 733 ordinatur
316 676 358 733 ad
374 676 560 733 exsistentium
581 694 641 733 eum
662 676 723 733 alio
746 676 910 732 substantio.
947 672 1123 731 Huiusmodi

136 764 299 823 substantia
318 764 385 823 talis
406 774 465 836 est,
494 774 525 822 ut
545 766 593 823 vel
615 765 710 823 nullas
730 766 778 823 vel
805 782 867 823 non
896 780 1002 821 omnes
1026 780 1125 837 opera·

31 854 55 941 I52¹
137 854 234 911 tiones
263 853 319 911 sibi
350 863 566 913 consentaneas
595 871 735 911 exercere
765 852 858 929 possit
885 871 940 928 per
969 869 1002 911 se
1032 852 1124 927 ipsam

137 943 240 1001 solam.
283 943 386 1001 Altera
416 941 543 1018 proinde
574 940 737 1001 substantia
766 941 892 1018 indiget,
922 960 986 999 non
1014 950 1045 997 ut
1073 940 1125 1015 ipsi

138 1032 300 1101 inhaereat,
322 1030 407 1107 quasi
423 1042 501 1090 esset
517 1032 667 1103 accidens,
690 1031 743 1090 sed
765 1050 824 1088 cum
844 1050 902 1106 qua
916 1031 1042 1089 exsistat.
1079 1028 1124 1085 Sic

138 1119 238 1178 anima
265 1120 396 1179 humana
421 1121 461 1178 ad
489 1120 673 1179 exercendas
701 1138 806 1179 omnes
834 1119 1025 1196 operationes
1052 1136 1124 1185 suas,

30 1212 31 1225 ¹
136 1209 247 1269 unione
269 1209 384 1284 indiget
405 1228 472 1267 cum
493 1227 630 1285 corpore.

199 1306 368 1365 Substantia
388 1306 572 1384 incompleta
592 1308 703 1384 duplex
724 1306 926 1383 distinguitur:

202 1417 226 1455 1.
249 1396 418 1455 Substantia
438 1397 622 1473 incompleta
648 1407 709 1455 tum
732 1397 763 1455 in
784 1396 890 1455 ordine
913 1394 1039 1472 speciei,
1064 1404 1124 1452 tum

136 1485 168 1543 in
183 1486 289 1544 ordine
302 1486 566 1544 substantialitatis:
587 1504 624 1545 ea
643 1496 696 1559 est,
715 1504 787 1561 quoe
800 1487 895 1544 nullas
908 1487 1019 1544 ommino
1033 1492 1125 1561 opero·

138 1576 225 1633 tiones
232 1584 290 1651 per
308 1592 337 1632 se
354 1576 415 1633 solo
429 1593 556 1633 exercere
570 1582 673 1651 potest,
694 1578 763 1651 quio
776 1576 931 1645 intrinsece,
954 1576 971 1632 i.
987 1592 1014 1633 e.
1036 1574 1130 1649 quoad

137 1666 228 1739 ipoem
242 1682 306 1733 esse,
328 1665 363 1721 ab
382 1666 475 1722 altero
483 1665 594 1741 pendet.
631 1665 712 1723 Talis
725 1664 887 1724 substantia
904 1664 1044 1723 exsistere
1065 1681 1126 1720 non
1150 1690 1151 1701 2

138 1762 237 1828 potest
257 1754 287 1811 in
308 1772 361 1812 sua
382 1753 517 1825 essentia,
539 1754 596 1813 nisi
618 1772 685 1812 curn
707 1753 765 1813 alia
786 1755 990 1829 coniungatur.
1022 1752 1125 1810 Talem

138 1843 169 1899 in
190 1842 419 1919 anthropologia
440 1841 573 1903 dicemus
595 1863 660 1903 esse
681 1844 813 1903 animam
833 1844 993 1902 beluinam.

201 1953 226 1989 2.
249 1932 417 1991 Substantia
431 1931 615 2010 incompleta
635 1935 666 1992 in
682 1934 787 1993 ordine
806 1934 905 2011 speciei
921 1943 1046 2004 tantum,
1068 1949 1127 1989 non

138 2019 169 2079 in
199 2021 305 2080 ordine
335 2022 601 2081 substantialitatis:
632 2041 668 2081 ea
690 2033 747 2096 est,
778 2041 850 2099 qnae
879 2041 936 2081 esse
964 2022 1076 2097 quidem
1106 2029 1130 2077 et

138 2109 275 2184 quosdam
295 2112 469 2186 operationes
489 2111 543 2169 sibi
561 2119 758 2170 comentaneos
778 2130 906 2170 exercere
919 2119 1016 2188 potest
1028 2119 1086 2187 per
1104 2129 1129 2167 se

139 2201 245 2275 ipsam,
272 2200 396 2257 sednon
417 2218 516 2259 omnes.
559 2202 666 2260 Talem
687 2202 718 2259 in
740 2201 970 2277 anthropologia
991 2199 1127 2276 probabi·

139 2306 203 2347 mus
225 2306 290 2347 esse
311 2290 441 2348 animam
462 2290 632 2348 humanam.

201 2377 384 2436 Substantias
418 2377 615 2455 incompletas
649 2397 754 2438 omnes
788 2380 923 2439 videmus
952 2396 1034 2450 esse,
1069 2396 1125 2435 non

140 2477 264 2541 propter
278 2485 319 2539 se,
339 2467 393 2525 sed
407 2479 532 2544 propter
546 2469 753 2545 compositum,
770 2469 853 2545 quod
867 2487 904 2527 ex
919 2467 1126 2527 coniunctione
1147 2423 1148 2515 l

141 2554 322 2614 substantiae
343 2555 544 2633 incompletae
566 2576 635 2616 cum
656 2559 749 2617 altera
763 2557 925 2617 substantia
940 2558 1070 2628 resultat,
1091 2555 1125 2613 ita
1146 2591 1147 2622 4

140 2654 172 2701 ut
201 2644 273 2702 illud
303 2647 501 2721 compositum
531 2646 640 2706 habeat
675 2646 840 2706 dominium
870 2646 1029 2706 actionum.
1083 2645 1124 2703 Sic

141 2731 240 2792 anima
260 2734 391 2793 humana
410 2754 474 2793 non
495 2745 539 2794 est
557 2735 609 2808 sui,
633 2737 686 2795 sed
707 2733 844 2808 hominis,
868 2737 919 2812 qui
941 2737 979 2795 de
1001 2755 1038 2796 ea
1060 2733 1123 2794 dicit

143 2823 260 2880 «anima
275 2841 358 2881 mea»
377 2833 407 2882 et
420 2824 619 2900 operationes
636 2844 709 2901 quas
723 2826 824 2884 anima
838 2826 926 2897 elicit,
949 2844 1016 2884 suas
1029 2835 1123 2884 vocat:

141 2910 233 2968 homo
263 2911 344 2970 enim
374 2911 461 2971 dicit:
493 2931 551 2989 ego
582 2915 698 2990 cogit0,
730 2933 788 2991 ego
818 2916 900 2985 volo,
936 2933 995 2989 ego
1025 2913 1121 2982 sentio,

142 3017 200 3073 ego
214 3001 344 3058 ambulo
375 3001 569 3078 Quapropter
583 3003 764 3063 substantiae
778 3003 979 3079 incompletae
994 3003 1122 3062 dicunnu
1144 3031 1145 3044 ι

174 3260 178 3270 Ι
206 3184 214 3214 ¹
234 3188 298 3234 Cum
310 3190 448 3239 substantia
461 3193 493 3240 sit
504 3194 570 3242 idem
583 3212 611 3245 re
624 3212 653 3246 ac
667 3207 764 3257 natura,
778 3197 877 3261 quoties
887 3197 913 3245 in
922 3205 1050 3262 conceptu
1058 3195 1119 3246 huius
1143 3217 1144 3272 p

144 3273 180 3304 rer
198 3262 231 3307 ad
249 3266 350 3313 modum
368 3271 491 3331 operandi
510 3275 591 3338 magis
610 3276 718 3324 attendis
737 3291 812 3341 quam
825 3277 975 3325 admodum
988 3275 1118 3326 exsistendi.
1143 3275 1144 3280 ’

145 3333 306 3385 substantiam
314 3345 470 3408 completam,
481 3358 576 3400 mutato
583 3361 718 3421 conceptu,
730 3363 849 3405 naturam
857 3357 962 3406 vocabis
969 3357 1117 3422 completam.
