2350 3700
624 110 699 146 DE
738 110 888 147 ORTU
930 110 1055 147 SIVE
1094 112 1170 148 DE
1211 112 1542 149 CREATIONE
1581 113 1792 150 MUNDI.
2093 113 2194 163 407

216 256 541 329 ordinatiO,
589 258 751 316 cuius
793 268 883 316 est
924 276 1101 317 causa
1144 259 1427 319 efficiens.
1507 260 1912 321 Concedimus
1955 261 2196 336 quidem

215 344 284 403 in
328 347 612 421 operibus
654 346 897 406 minime
941 346 1243 423 exquisitis
1286 348 1562 407 ordinem
1602 349 1862 425 aliquem
1908 367 2198 410 nonnum-

216 454 405 510 quam
462 436 866 512 deprehendi,
930 454 1110 512 quem
1153 436 1318 512 ipsae
1370 455 1465 496 res
1521 437 1882 498 constituunt
1936 458 2010 498 eo
2065 440 2196 515 ipso

216 526 389 599 quod
431 545 468 583 a
507 544 687 584 causa
728 525 957 601 aliqua,
1015 524 1193 585 etiam
1250 525 1478 585 ratione
1536 537 1806 600 carente,
1864 524 2193 600 movefitur,

216 614 367 688 quin
412 632 590 673 causa
644 614 997 691 intellegens
1039 616 1306 691 proxime
1361 615 1636 675 ordinem
1692 616 1854 675 illum
1907 617 2193 692 intendat,

214 712 282 760 ut
324 721 378 761 e.
422 722 479 778 g.
524 705 720 774 fieret,
778 703 826 762 si
882 705 1013 779 quis
1063 704 1286 763 litteras
1328 704 1713 764 inordinatim
1770 705 2070 780 proiciens
2123 725 2196 765 ex

217 810 427 850 earum
469 792 690 852 deinde
739 792 1045 851 «fortuita»
1094 792 1541 853 combinatione
1598 794 1845 852 nomina
1899 796 2196 870 quaedam

216 880 541 939 constituta
608 881 917 941 inveniret.
1004 881 1124 941 Sed
1195 880 1462 941 omnium
1529 884 1896 957 experientia
1965 894 2197 943 constat

214 969 449 1028 nullum
492 988 643 1046 opus
686 969 973 1045 exquisite
1016 971 1386 1029 elaboratum
1407 1017 1420 1042 ,
1464 991 1517 1029 v.
1562 989 1618 1047 g.
1663 972 1903 1031 detnutn
1951 975 2192 1047 regiani,

214 1058 617 1135 horologium,
662 1061 997 1135 elegantem
1039 1068 1308 1131 statuam,
1353 1078 1637 1135 umquam
1680 1060 1855 1119 fuisse
1887 1079 2024 1119 eaatt
2056 1083 2196 1135 que*

214 1147 361 1206 dam
404 1148 793 1223 productum,
850 1147 958 1207 sed
998 1165 1236 1224 semper
1284 1148 1642 1224 peritissimo
1698 1151 1931 1207 cuidant
1991 1151 2192 1207 artifici

215 1236 365 1295 illud
392 1248 555 1296 recte
585 1238 859 1297 adscribi.
910 1239 1076 1313 Ergo
1105 1257 1142 1295 a
1170 1237 1404 1296 fortiori
1433 1237 1739 1297 evidenter
1767 1251 2015 1315 apparet
2044 1239 2196 1299 erdl-

213 1336 423 1385 natam
467 1336 527 1385 et
566 1326 899 1385 mirabilem
942 1326 1117 1385 totius
1159 1325 1367 1386 mundi
1409 1327 1875 1403 dispositionem,
1919 1347 2072 1403 qnae
2104 1351 2196 1387 ea*

214 1414 601 1491 quisitissima
628 1416 768 1475 artis
795 1416 1091 1475 humanae
1122 1434 1309 1491 opera
1337 1417 1517 1491 longe
1546 1431 1799 1493 superat,
1847 1435 1967 1475 nen
1999 1439 2192 1491 pesae,

212 1506 447 1580 absque
489 1504 745 1577 stultitia,
790 1515 1121 1564 atomorum
1163 1504 1405 1563 fortuito
1448 1507 1759 1565 concursui
1791 1511 1880 1563 vel
1915 1507 2192 1567 materiae

211 1595 592 1653 necessariae
635 1593 958 1653 evolutioni
998 1592 1275 1665 adscribi,
1320 1595 1427 1654 sed
1470 1613 1706 1654 causam
1751 1595 2192 1671 intellegentem

214 1701 729 1759 praesupponere.

342 1800 409 1858 B.
460 1798 670 1858 Omnia
710 1799 883 1857 multo
912 1797 1157 1873 facilius
1197 1799 1450 1875 explicat.

348 1935 408 1995 Ι..
444 1915 634 1973 Posito
674 1915 821 1972 enim
862 1922 984 1972 ente
1022 1933 1061 1972 a
1101 1933 1174 1983 se,
1219 1914 1388 1973 huius
1429 1915 1636 1974 mundi
1666 1931 1931 1975 creature
1963 1927 2024 1975 et
2048 1915 2192 1975 arrii*-

213 2011 438 2074 natore‚
485 2003 711 2062 facilius
754 2004 1078 2080 explicatur
1119 2003 1289 2063 huius
1331 2004 1538 2063 mundi
1580 2003 1883 2063 tendentia
1923 2007 1983 2063 in
2015 2007 2192 2063 finem

212 2093 489 2153 nondum
533 2092 912 2152 exsistentem
955 2093 1018 2150 in
1060 2092 1272 2152 ordine
1315 2093 1476 2151 reali.
1550 2094 1701 2152 Cum
1743 2115 1795 2151 e.
1835 2111 1891 2167 g.
1935 2095 1995 2151 in
2040 2095 2196 2167 Ἐπίπ-

209 2183 379 2258 cipio
422 2182 775 2241 evolutionis
824 2183 1217 2241 «nebulosae»
1264 2182 1420 2243 vires
1474 2192 1803 2242 atomorum
1867 2183 2192 2239 tendebant

213 2273 299 2331 ad
341 2271 617 2331 ordinem
672 2282 1046 2347 praesentem
1102 2272 1611 2342 constituendum,
1668 2271 1763 2329 hie
1823 2275 1971 2332 arde
2032 2283 2192 2332 eertn

210 2379 340 2419 non
386 2360 703 2420 exsistebat
730 2360 981 2432 realiter,
1026 2360 1133 2419 sed
1161 2371 1362 2419 tamen
1391 2361 1468 2419 ad
1495 2361 1688 2437 ipsum
1719 2360 2192 2420 eenatitnendtnn

212 2451 281 2507 in
322 2450 614 2508 nebulosa
656 2460 783 2507 erat
823 2449 1146 2508 tendentia.
1221 2450 1342 2509 Sed
1383 2450 1544 2509 unde
1585 2449 1686 2507 illa
1727 2452 2072 2508 tendentia?
2136 2452 2188 2508 Si

210 2537 347 2597 finis
389 2538 556 2596 nullo
597 2538 783 2597 modo
825 2547 967 2597 tunc
1021 2537 1368 2610 exsistebat,
1423 2536 1595 2598 huius
1649 2540 1991 2597 tendentiae
2048 2540 2192 2596 ratiti

212 2627 516 2687 sufficiens
557 2628 720 2686 nulla
761 2627 961 2686 afferri
988 2638 1217 2703 potestz,
1262 2627 1486 2704 optime
1515 2646 1658 2686 vero
1688 2628 2011 2704 explicatur
2044 2628 2192 2684 haee

212 2715 558 2793 dispositio,
622 2717 670 2775 si
725 2715 1048 2775 admittitur
1103 2727 1437 2775 atomorum
1493 2718 1719 2776 illarum
1779 2736 2011 2776 eausam
2076 2720 2192 2776 effi-

213 2805 477 2865 cientem
505 2805 661 2865 vires
688 2805 1012 2864 nebulosae
1044 2805 1328 2864 direxisse
1358 2805 1436 2863 ad
1465 2807 1662 2876 finem,
1696 2824 1871 2880 quem
1903 2808 1963 2864 in
1995 2816 2192 2864 niente

211 2894 601 2972 praehabuit:
647 2894 806 2952 iuxta
847 2894 1335 2953 scholasticorum
1378 2894 1755 2970 principium,
1803 2896 1963 2968 qued
2003 2896 2060 2952 in
2096 2916 2192 2952 ne-

214 2983 349 3044 stris
392 2983 674 3059 operibus
716 3001 955 3057 semper
993 2982 1285 3041 verificari
1326 2983 1625 3055 videmuS,
1665 2988 1815 3057 finis
1855 2992 1935 3040 err
1967 2984 2192 3060 prin-ins

217 3077 281 3131 z‘n
322 3073 645 3140 intentione,
689 3072 919 3128 ultimus
959 3074 1019 3129 in
1060 3074 1402 3130 exsecutione
1424 3074 1457 3131 ¹.

349 3286 366 3316 ¹
405 3287 483 3336 Cf.
512 3287 563 3336 S.
600 3287 787 3347 Thom„
828 3287 878 3337 S.
910 3287 1063 3337 theol.
1088 3287 1127 3347 1,
1164 3304 1212 3351 q.
1242 3299 1288 3347 2,
1330 3304 1373 3335 a.
1404 3299 1450 3350 3.
1493 3287 1683 3335 Contra
1711 3288 1855 3336 [ierit.
1887 3284 1915 3336 l.
1947 3300 1995 3340 a..
2036 3304 2076 3336 e.
2108 3300 2188 3344 24.
