2350 3700
153 135 205 184 240
456 135 495 171 ΒΕ
513 133 575 172 Ipsa
596 133 724 171 RATIONE
744 134 836 171 ENTIS.
1006 9 1159 150 “

212 282 415 357 Hypothetice
433 283 634 341 necessarium
651 291 695 340 est
715 281 755 350 id,
778 281 870 356 quod,
893 281 995 356 posita
1017 281 1147 355 quadam

152 370 340 441 condicione,
363 390 425 429 non
445 380 544 446 potest
564 389 627 428 non
649 388 723 432 esse.
758 371 807 429 Sic
827 369 1026 446 hypothetice
1049 387 1149 428 neces·

152 460 259 518 sarium
281 471 325 518 est
338 461 458 518 Petrum
479 477 544 518 esse
566 459 752 532 rationalem,
774 458 929 535 supposita
949 458 1069 516 scilicet
1091 458 1150 515 eius

153 548 332 609 exsistentia.

212 639 251 695 In
271 639 370 695 ordine
388 655 456 696 vere
475 638 628 695 actualium
649 638 850 696 necessarium
868 637 979 696 dicitur
994 655 1053 695 ens
1071 637 1151 702 illud,

153 728 231 801 qued
248 746 303 784 nen
318 734 488 802 potestaten
508 728 656 795 exsistere,
685 726 756 801 quia
784 726 846 785 eius
872 726 1002 784 essentia
1023 725 1153 783 includit

154 815 361 886 exsistentiam,
383 816 401 874 i.
418 834 443 875 e.
459 816 522 874 eius
536 835 601 874 esse
616 825 659 874 est
678 815 826 873 exsistere.
862 817 897 872 In
919 815 970 872 tali
992 826 1067 873 ente
1090 813 1153 872 fieri

154 922 216 962 non
230 914 328 980 potest
342 904 492 963 distinctio
514 905 564 962 illa
584 904 672 963 realis
693 904 770 962 inter
791 903 949 963 essentiam
970 903 1152 979 possibilem

156 1004 186 1051 et
207 993 417 1062 exsistentiam,
440 1012 530 1068 quam
550 1011 640 1069 supra
660 993 890 1052 memoravimus
912 987 952 1068 (p.
977 988 1060 1068 ²35)-

215 1084 278 1140 Ens
292 1082 501 1155 necessarium,
524 1101 592 1141 cum
608 1082 807 1141 exsistentiam
829 1083 939 1141 habeat
959 1083 1000 1139 ab
1015 1081 1085 1156 ipsa
1099 1100 1150 1138 sua

155 1171 291 1242 essentia,
314 1189 376 1229 non
397 1182 496 1230 autem
511 1173 550 1229 ab
564 1171 632 1240 ali0,
654 1170 763 1229 dicitur
783 1170 873 1229 etiam
894 1189 942 1228 ens
960 1191 980 1228 a
998 1189 1035 1229 se.
1075 1172 1149 1228 Tale

156 1278 210 1318 ens
232 1278 336 1318 revera
356 1261 505 1331 exsistere,
527 1261 718 1319 ostendemus
739 1261 771 1317 in
791 1259 976 1318 theodicaea.

215 1350 251 1406 In
281 1348 388 1407 ordine
419 1349 577 1408 actualium
607 1349 668 1407 enti
698 1350 869 1408 necessario
899 1348 1067 1425 opponitur
1096 1366 1149 1406 ens

156 1439 329 1510 contingens,
352 1456 405 1495 ens
426 1437 554 1510 scilicet,
578 1439 657 1512 qaod
666 1447 724 1513 per
743 1457 772 1495 se
792 1438 960 1511 indifferens
980 1445 1023 1494 est
1042 1438 1088 1494 ad
1105 1455 1151 1492 ex·

155 1527 306 1583 sistendum
331 1527 379 1584 vel
403 1546 459 1584 nen
480 1527 675 1584 exsistendum.
718 1526 898 1585 Huiusmodi
918 1527 996 1584 entis
1017 1525 1152 1584 essentia

155 1633 218 1671 non
233 1615 356 1672 includit
373 1615 572 1674 exsistentiam
586 1616 742 1686 actualem,
764 1615 892 1690 proinde
914 1615 1035 1672 realiter
1049 1614 1155 1672 distin·

156 1705 206 1778 gui
222 1714 333 1779 potest
353 1703 434 1762 circa
458 1704 555 1780 ipsum
576 1705 654 1763 inter
675 1704 833 1763 essentiam
855 1704 1029 1779 possibilem
1052 1715 1087 1761 et
1109 1722 1155 1761 ex-

156 1792 328 1852 sistentiam.
370 1795 481 1865 Immo,
512 1812 581 1853 cum
609 1812 626 1853 e
654 1803 729 1853 statu
757 1793 832 1852 eutis
859 1793 1009 1869 possibilis
1038 1793 1082 1850 ad
1110 1812 1156 1852 ex·

158 1882 319 1941 sistentiam
340 1884 497 1941 actualium
519 1893 662 1953 transeat,
684 1884 723 1941 ab
744 1882 803 1941 alio
824 1883 866 1941 sic
887 1882 990 1941 transit
1012 1884 1055 1942 ad
1079 1902 1155 1951 esse,

157 1972 236 2029 iuxta
263 1972 442 2047 principium
470 1990 558 2047 supra
582 1973 734 2030 laudatum
756 1967 795 2046 (p.
821 1966 898 2047 229).
940 1972 1080 2030 Proinde
1105 1991 1155 2031 ens

158 2062 335 2135 contingens
356 2061 464 2119 dicitur
484 2061 573 2119 etiam
594 2080 822 2135 nonnumquam
842 2079 891 2118 eas
910 2062 947 2118 ab
966 2062 1036 2118 aleo.
1156 2070 1157 2075 ’

218 2151 280 2207 Ens
301 2169 319 2207 a
339 2168 371 2207 se
392 2150 423 2206 in
444 2149 622 2208 theodicaea
643 2149 834 2208 ostendemus
856 2167 919 2207 esse
940 2148 1108 2207 inlinitum.

513 2306 530 2373 ξ
551 2322 574 2357 2.
607 2312 650 2358 De
670 2310 787 2359 infinito.

217 2424 366 2497 Infinitum
387 2422 494 2480 dicitur
508 2422 674 2497 generatim
697 2424 736 2491 id,
758 2424 836 2497 qaod
851 2423 965 2481 limitem
985 2441 1047 2481 non
1072 2423 1131 2480 hab

157 2513 187 2568 in
216 2530 269 2567 sua
292 2509 476 2585 perfectione.
528 2510 679 2568 Infinitum
708 2512 818 2587 duplex
845 2510 1022 2586 praesertim
1052 2512 1124 2570 disti

157 2599 262 2674 guitur.

221 2709 245 2746 1.
267 2689 417 2764 Infinitum
437 2696 510 2757 actu,
533 2688 640 2747 dicitur
654 2688 695 2760 id,
716 2691 794 2764 qued
810 2690 924 2747 limitem
940 2708 998 2746 nen
1014 2690 1109 2747 habet

157 2795 213 2834 esse
233 2778 347 2845 actuali,
369 2777 388 2835 i.
404 2796 429 2835 e.
453 2778 548 2847 iniis,
571 2796 649 2852 quae
670 2796 775 2837 revera
795 2779 949 2836 habentur.
981 2780 1048 2835 Ens
1072 2779 1126 2836 illu

158 2884 226 2922 cum
247 2865 356 2923 habeat
377 2865 581 2923 omnimodam
605 2866 821 2941 plenitudinem
843 2867 1066 2941 perfectionum
1092 2869 1117 2925 si

159 2956 218 3011 ullo
239 2953 330 3011 limite
352 2953 432 3011 etin
454 2953 536 3010 omni
557 2955 677 3026 ordine,
700 2954 808 3012 dicitur
828 2954 917 3014 etiam
937 2972 990 3012 ens
1013 2956 1124 3013 absolu

159 3042 311 3098 infinitum.
355 3042 445 3113 Quod
466 3042 490 3099 si
512 3042 665 3101 exsisteret
686 3062 739 3101 ens
763 3043 916 3118 quoddam
943 3044 1063 3101 habens
1087 3065 1123 3103 ac

158 3126 385 3184 determinatum
408 3130 559 3201 quendam
587 3131 780 3203 perfectionis
808 3132 933 3207 gradum
960 3132 1026 3190 sine
1048 3133 1125 3191 limit

159 3211 199 3266 ita
230 3222 261 3266 ut
293 3213 323 3267 in
352 3215 411 3269 hoc
439 3216 637 3275 determinato
665 3221 761 3293 gradu
791 3221 915 3278 haberet
943 3238 1053 3278 omnes
1091 3242 1127 3297 pe

160 3295 303 3352 sectiones
332 3296 395 3354 sine
425 3301 531 3370 limite,
563 3305 616 3362 sed
645 3307 817 3365 excluderet
846 3308 1051 3381 perfectiones
1082 3312 1118 3368 ali
