2350 3700
136 157 171 202 90
537 159 719 195 urauucrrcrt.

194 308 296 365 Potitio
312 310 450 384 principii
468 316 512 365 est
533 308 759 382 argumentati0,
782 307 813 365 in
833 326 891 382 qua
904 310 953 366 vel
967 307 1037 382 ipsa
1059 324 1130 364 con·

135 397 228 454 clusio
250 398 298 455 vel
320 397 400 455 aliud
421 396 578 468 iudicium,
609 396 691 455 cuius
713 398 861 456 certitudo
882 399 920 455 ab
941 396 1037 472 ipsius
1060 414 1130 453 con·

134 485 273 544 clusionis
284 485 460 545 certitudine
475 487 596 561 pendet,
613 486 767 544 assumitur
781 497 933 561 tamquam
943 485 1130 561 principium

135 569 318 649 (praemissa)
341 575 511 650 syllogismi,
534 576 582 633 vel
603 576 737 633 brevius:
768 585 812 633 est
833 575 1069 651 argumentatiO,
1099 573 1130 630 in

134 683 193 738 qua
223 667 391 740 supponitur
419 672 452 721 ut
476 683 574 723 verum
601 664 648 733 id,
677 666 710 721 de
736 684 791 740 quo
817 667 974 739 quaeratur.
1018 664 1129 722 Petitio

134 753 273 828 principii
300 763 424 812 vocatur
452 755 569 811 circulus
597 755 728 822 vitiosus,
757 754 881 828 quando
908 754 1041 812 duorum
1063 770 1130 828 pro·

133 843 303 900 bandorum
324 862 415 900 unum
438 843 659 901 demonstratur
680 861 716 901 ex
737 844 848 913 altero,
871 844 998 902 alterum
1018 844 1130 901 iterum

134 950 171 989 ex
192 932 300 1007 priore,
324 934 351 989 A
367 934 441 990 exB
462 944 492 991 et
512 932 623 990 deinde
645 934 720 990 Bex
741 934 778 989 A.
814 933 965 991 Circulum
987 932 1129 990 vitiosum

134 1021 205 1078 facit
234 1040 260 1079 e.
291 1040 319 1097 g.
352 1022 403 1096 qui
434 1016 606 1096 (Cartesius)
637 1019 831 1079 veracitatem
862 1022 920 1080 Dei
948 1022 1062 1096 probat
1092 1040 1130 1078 cx

135 1110 286 1169 evidentia
317 1121 346 1169 et
376 1110 486 1169 deinde
515 1111 648 1169 valorem
679 1108 848 1169 evidentiae
878 1110 1009 1169 admittit
1038 1110 1130 1168 unice

134 1209 258 1274 propter
279 1199 470 1258 veracitatem
493 1200 560 1258 Dei.
627 1245 631 1251 .

135 1392 160 1441 ni
180 1409 206 1440 se
225 1395 387 1442 transformer
406 1409 438 1441 en
457 1393 596 1453 cre'dtuite,
623 1393 699 1458 qu'on
718 1410 750 1442 ne
770 1395 824 1442 doit
842 1411 889 1458 pas
907 1410 934 1443 se
954 1403 1096 1443 soumettre
1116 1392 1132 1442 a

136 1490 184 1521 une
204 1474 310 1521 autorite
330 1475 372 1537 qui
392 1474 467 1521 serait
487 1475 593 1538 aveugle
613 1484 638 1521 et
657 1475 813 1539 tyrannique,
833 1484 859 1523 et
877 1475 954 1539 qu’on
967 1491 1001 1523 ne
1015 1476 1072 1523 doit
1084 1492 1132 1539 pas

135 1554 258 1602 admettre
278 1570 374 1602 comme
393 1554 475 1601 vraies
494 1563 519 1602 et
539 1555 663 1603 certaines
682 1556 727 1603 des
740 1555 860 1603 formules
874 1556 916 1619 qui
929 1556 1049 1614 seruient,
1071 1572 1133 1603 sous

136 1641 191 1681 tout
209 1643 320 1698 rapport,
341 1634 534 1699 inintelligibles
554 1650 587 1681 ou
606 1635 649 1698 qui
669 1634 873 1699 impiiqueraient
885 1651 934 1683 une
946 1636 1018 1683 vraie
1031 1645 1133 1685 contra-

136 1713 240 1763 diction.
259 1739 294 1747 -
313 1715 381 1762 Tout
400 1730 429 1763 ce
448 1714 636 1762 raisonnement
655 1723 693 1762 est
712 1715 771 1763 hors
796 1715 829 1763 de
854 1715 878 1762 ia
903 1715 1023 1779 question
1051 1732 1133 1780 parce

135 1793 196 1858 qu’il
216 1811 327 1860 suppose
345 1796 499 1843 faussement
518 1810 566 1859 que
586 1804 658 1842 notre
676 1795 711 1842 foi
731 1802 769 1842 est
787 1796 819 1841 de
839 1795 864 1842 la
882 1794 1021 1856 credulita,
1042 1795 1132 1845 l'auto-

134 1876 181 1924 rite
201 1876 233 1923 de
251 1875 356 1940 l'Eglise
376 1876 410 1924 du
429 1876 591 1939 despotisme,
612 1884 637 1922 et
656 1892 701 1924 nos
720 1876 841 1939 mystdres
860 1877 905 1924 des
922 1877 1044 1924 iormules
1057 1878 1133 1925 vides

135 1957 166 2003 de
186 1971 243 2004 sens
261 1973 294 2005 ou
313 1956 411 2020 pleines
431 1955 462 2003 de
481 1955 694 2004 contradictions:
721 1972 784 2004 ceux
807 1955 849 2020 qui
869 1964 914 2004 ont
932 1951 1061 2005 lit-dessus
1082 1973 1132 2004 une

136 2036 279 2084 conviction
299 2037 411 2100 opposee
431 2031 483 2082 ala
495 2034 575 2095 notre,
596 2035 708 2095 doivent,
728 2053 793 2100 pour
805 2052 868 2084 nous
881 2035 981 2096 re'futer,
1001 2038 1133 2084 atteindre

136 2117 159 2164 le
179 2118 294 2180 principe
313 2115 394 2165 mdme
414 2116 445 2163 de
465 2131 511 2164 nos
530 2116 712 2164 convictions‘»
734 2112 860 2178 (Mercier,
880 2115 997 2180 Logique
1010 2133 1039 2181 p.
1056 2115 1132 2180 232).
