2350 3700
133 41 174 57 ..st
209 42 213 45 ·

114 118 153 154 DE
174 116 325 156 DIVISIONE
345 120 491 157 GENERALI
510 120 706 159 SUBSTANTIAE
727 122 762 157 ET
781 122 963 161 ACCIDENTIS.
1002 121 1052 172 279
1152 130 1153 133 ’

126 287 151 324 2.
180 267 239 325 Vel
267 285 330 325 non
354 268 506 343 propriam
532 268 624 327 habet
650 269 818 341 entitatem,
848 270 889 328 ita
908 280 940 328 ut
960 280 1053 329 totum

70 356 127 414 eius
147 372 212 413 esse
233 354 322 413 sitin
343 358 398 413 tali
414 358 462 415 ael
485 358 541 414 tali
565 358 743 434 dispositione
767 361 892 416 entitatis
918 361 992 417 alius
1012 380 1053 417 ac·

71 446 193 515 amentis,
214 454 246 504 et
265 454 336 504 tunc
356 446 463 504 dicitur
484 447 608 505 accadens
627 448 743 505 modale.
787 448 890 521 Qualis
911 458 955 508 est
976 466 1001 508 e.
1024 468 1052 525 g.
1152 460 1153 465 ’

71 537 157 609 figura
182 536 231 593 vel
256 534 368 606 forma,
398 552 475 610 quae
503 536 697 611 quantitatem
718 537 850 595 afficiunt
876 538 976 613 itaque
997 538 1053 597 dis·

71 632 186 699 ponunt,
208 633 241 681 ut
262 624 298 682 sit
317 624 446 682 rotunda
465 644 492 682 v.
507 626 541 699 gi
555 626 603 683 vel
625 625 779 699 quadrata.
808 626 959 686 Accidens
981 626 1052 685 illud
1152 668 1153 677 2

73 732 128 771 non
149 722 193 771 est
214 713 339 770 omnino
359 713 433 770 nihil
453 712 484 771 in
506 713 612 773 ordine
628 715 800 773 actualium:
826 733 908 774 «esse
929 716 1053 791 quadra·

74 812 143 860 trimi
160 801 249 873 enirn,
272 802 303 867 in
317 802 488 877 quantitate,
511 804 569 860 alia
589 814 635 862 est
648 820 695 862 res
709 823 745 862 ac
763 822 843 863 «esse
856 805 1053 881 rotundum»;

73 902 112 950 est
137 901 237 950 tamen
265 890 352 949 valde
372 891 581 967 imperfectum
602 892 771 951 huiusmodi
791 912 860 964 ens,
888 895 1052 953 nonenim
1152 892 1153 895 ’

66 982 209 1056 propriam
236 980 328 1039 habet
356 981 509 1039 entitatem
539 980 681 1040 accidens
710 981 846 1054 modale,
882 983 951 1058 quia
980 982 1052 1043 illud

71 1070 153 1141 reale,
175 1068 259 1144 quod
279 1070 365 1128 affert
378 1070 520 1141 subiecto,
542 1070 677 1129 consistit
696 1072 784 1130 unice
805 1072 836 1130 in
858 1072 985 1131 entitatis
1006 1092 1052 1131 ac·
1152 1090 1153 1109 ³

71 1159 190 1217 sidentis
216 1159 439 1217 modificatione
467 1160 515 1218 vel
542 1157 746 1235 dispositione.
788 1160 919 1219 Proinde
946 1162 1052 1221 dicitur

69 1248 154 1307 etiam
174 1247 315 1306 accidens
335 1248 455 1307 modale
476 1266 540 1307 esse
561 1248 702 1308 accidens
723 1248 886 1308 accidentis
898 1252 914 1309 ¹.

127 1346 201 1405 Cum
221 1346 363 1405 accidens
383 1346 503 1405 modale
516 1347 670 1422 propriam
685 1348 837 1406 entitatem
857 1366 919 1407 non
933 1349 1050 1422 habeat,

67 1436 266 1511 metaphysice
287 1435 471 1510 impossibile
492 1447 537 1495 est
549 1436 646 1512 ipsum
668 1436 806 1496 exsistere
828 1436 866 1495 de
887 1439 967 1497 facto
988 1438 1052 1497 sine

67 1526 229 1596 accidente,
252 1525 333 1600 quod
353 1524 521 1598 modificat,
542 1524 670 1601 proinde
685 1524 822 1585 definitur
843 1527 932 1586 etiarn
952 1545 1053 1604 saepe·

67 1632 199 1685 numero,
221 1625 253 1673 ut
273 1615 323 1673 sit:
345 1615 470 1672 aca'dens
482 1615 559 1689 quad
568 1616 711 1673 entitatem
725 1618 877 1692 propriam
890 1634 947 1674 aaa
960 1616 1051 1685 habet,

67 1704 150 1761 alirrd
165 1711 258 1761 tamen
278 1704 401 1761 accidens
420 1704 590 1779 disponenda
610 1706 652 1761 ita
672 1706 790 1762 realiter
808 1705 917 1781 afficit,
942 1713 975 1763 at
993 1706 1052 1763 sab·

66 1795 161 1850 iactam
188 1792 264 1850 illud
283 1794 343 1852 siae
363 1793 413 1850 illa
432 1793 559 1868 quidem,
588 1795 679 1870 pisum
703 1811 770 1852 aero
796 1795 855 1853 siae
881 1796 1052 1853 subiectam

66 1883 199 1941 diuinitus
218 1883 327 1958 quidem
348 1883 480 1941 exsistere
494 1885 587 1959 possit
595 1884 614 1941 ².

123 1991 176 2048 ΠΙ.
204 1989 384 2048 Accidentia
410 1989 536 2064 proinde
565 1990 696 2049 modalis
725 1989 785 2048 dici
812 2001 936 2067 possunt
962 1990 1052 2048 etiam

65 2079 231 2137 accidentia
257 2079 475 2155 inseparabilia,
505 2096 582 2154 quae
603 2080 717 2139 scilicet
743 2080 806 2138 sine
835 2079 968 2138 subiecto
988 2097 1051 2138 non

66 2179 187 2244 possunt
206 2169 237 2225 in
259 2168 427 2226 exsistentia
446 2185 634 2244 permanere.

123 2265 302 2325 Accidentia
321 2268 394 2325 vero
415 2266 549 2325 absoluta
570 2267 653 2342 quod
674 2267 791 2338 attinet,
821 2268 924 2343 quaeri
944 2277 1050 2343 potest,

25 2428 26 2431 Ἴ
65 2375 102 2413 an
123 2356 197 2432 ipsa,
218 2356 362 2413 nonnulla
383 2356 502 2427 saltem,
523 2355 594 2414 licet
615 2354 809 2415 essentialiter
829 2356 871 2415 eis
893 2357 1052 2415 conveniat

126 2573 256 2625 ¹Praeter
281 2577 398 2626 accidens
424 2577 538 2637 modale,
564 2578 634 2641 quod
660 2576 803 2626 immediate
829 2575 907 2625 afficit
932 2577 1051 2625 accidens

66 2657 147 2715 aliud,
174 2656 238 2705 alios
257 2657 399 2722 complures
418 2657 577 2723 distinguunt
595 2658 699 2717 modos,
726 2657 790 2705 inter
814 2673 878 2721 quos
901 2657 981 2705 modos
998 2658 1051 2704 sab-

65 2737 202 2797 stantiales,
228 2737 271 2802 qui
290 2737 455 2786 substantiam
473 2737 500 2785 in
518 2737 574 2802 ipsa
599 2737 697 2786 ratione
723 2737 879 2786 substantiae
904 2736 1050 2801 perficiunt;

67 2817 120 2867 talis
140 2826 179 2866 est
197 2833 219 2866 e.
239 2835 264 2882 g.
284 2817 374 2867 modus
392 2817 495 2866 unionis
518 2818 585 2866 inter
609 2832 701 2882 corpus
727 2825 752 2866 et
777 2818 892 2867 animam.
930 2817 990 2866 Non
1018 2817 1051 2866 lo·

67 2899 164 2962 quimus
181 2898 224 2948 hic
242 2899 275 2947 de
293 2897 375 2947 modis
394 2898 541 2963 generatim,
561 2898 607 2947 sed
626 2899 658 2946 de
676 2897 779 2963 speciali
797 2899 881 2958 modo,
901 2897 943 2962 qui
962 2897 1053 2947 dicitur

67 2979 172 3029 aca'dms
189 2978 290 3028 modale.

124 3064 137 3098 ²
158 3069 266 3116 «Modus
284 3083 336 3117 non
355 3075 393 3117 est
410 3067 513 3133 proprie
531 3083 571 3116 res
590 3083 634 3117 seu
653 3066 759 3129 entitas,
779 3076 804 3116 et
823 3068 849 3116 in
868 3067 918 3116 hoc
936 3067 990 3114 eius
1010 3067 1052 3114 im·
1152 3083 1153 3090 ¹

67 3149 186 3212 perfectio
205 3148 312 3197 maxime
331 3148 481 3209 declaratur,
500 3148 569 3213 quod
587 3163 687 3212 semper
705 3163 760 3196 esse
779 3148 856 3196 debet
869 3146 958 3195 affixus
971 3145 1050 3204 alteri,

68 3229 104 3278 cui
123 3244 172 3294 per
189 3245 216 3278 se
234 3227 379 3277 immediate
397 3229 482 3277 unitur
500 3229 555 3276 sine
574 3229 659 3277 medio
679 3226 742 3275 alio»
765 3225 883 3290 (Saarm,
910 3227 983 3290 Disp.
1003 3242 1052 3273 me·
1152 3247 1153 3254 κ

69 3310 136 3374 taph.
158 3309 221 3373 disp.
242 3319 266 3370 7,
287 3318 348 3359 sect.
372 3321 393 3368 1,
414 3325 438 3357 n.
461 3306 515 3372 19).
1152 3299 1153 3302 '
