2350 3700
144 170 195 219 300
517 168 556 203 DE
575 167 753 204 cnruoottus.

202 317 300 374 Causa
313 317 414 392 primo
435 334 471 373 ea
492 327 545 387 est,
566 314 649 373 cuius
664 314 752 373 virtus
769 335 785 373 a
802 318 884 374 nulla
898 316 955 374 alia
970 315 1114 392 dependet

142 406 245 463 Solum
265 422 337 463 vero
358 406 457 464 Deum
477 422 542 463 esse
563 422 684 463 causam
705 403 844 486 primam,
867 405 1070 481 intellegemus
1088 422 1117 462 ex

141 494 278 553 dicendis
298 493 330 551 in
351 493 536 552 theodicaea.

203 584 300 667 Causa
320 583 439 641 secundo
466 600 503 641 ea
527 592 585 653 est,
615 572 701 641 cuius
718 582 808 640 virtus
829 583 867 641 ab
889 582 948 641 alia
969 582 1119 659 dependet.

143 675 258 731 Causae
279 671 429 731 secundae
450 681 518 729 sunt
538 681 692 730 creaturae
714 689 827 730 omnes.

175 782 178 786 ·
202 764 238 819 In
251 759 405 836 ontologia
423 778 498 819 vero
516 760 554 819 de
573 779 663 819 causa
684 760 815 819 secunda
835 760 1014 837 praesertim
1035 779 1122 819 sermo
1157 794 1159 819 t

142 863 194 910 est.
222 850 328 926 Agitur
343 849 423 909 enim
444 851 504 907 hoc
520 849 607 908 tertio
627 849 705 908 libro
724 850 762 909 de
784 860 853 908 ente
874 860 963 925 prout
984 850 1123 909 invenitur
1157 820 1159 895 l

142 940 173 998 in
187 957 285 997 rerum
300 949 413 997 natura.
435 968 474 977 —
496 940 624 997 Causam
639 949 737 997 autem
755 940 918 997 secundam
933 939 1123 999 communiter

142 1028 278 1087 dividunt
298 1028 330 1085 in
351 1028 505 1103 physicam
526 1039 556 1085 et
576 1029 730 1087 moralem.

201 1111 230 1192 a)
245 1117 344 1176 Causa
350 1117 470 1193 physico
481 1134 518 1175 ea
527 1128 579 1188 est,
594 1135 667 1192 quac
675 1120 843 1175 octioncsno
852 1118 980 1192 effectum
988 1119 1123 1194 producit.

141 1206 203 1280 Qui
212 1208 358 1265 latronem
369 1205 479 1264 occidit
488 1224 515 1264 e.
525 1224 564 1281 g,
580 1217 624 1265 est
636 1224 725 1265 causa
734 1206 953 1283 physica'huius
963 1207 1124 1265 occisionis.

201 1291 233 1370 b)
255 1295 354 1354 Causa
373 1296 491 1353 moralis
510 1313 547 1354 ea
568 1306 627 1367 est,
648 1315 720 1370 quae
740 1296 855 1370 influxu
875 1297 996 1371 quodam
1018 1296 1124 1363 morolt',

141 1385 208 1443 ie.
237 1384 437 1455 suasionibus,
466 1384 611 1456 consiliis,
640 1384 787 1461 imperiis,
814 1387 986 1443 voluntatem
1013 1386 1126 1444 lo'berom

141 1476 184 1531 oo'
200 1474 338 1547 agendum
359 1483 482 1532 inclinat.
513 1474 573 1547 Qui
595 1475 720 1536 alterum
741 1474 780 1532 ad
801 1474 996 1533 homicidium
1015 1486 1127 1550 patran-

142 1564 214 1621 dum
234 1563 333 1623 verbis
353 1563 412 1621 suis
430 1563 540 1634 incitat,
563 1581 653 1622 causa
671 1564 756 1623 huius
770 1562 924 1622 homicidii
939 1575 983 1622 est
1001 1564 1127 1623 moralis.

202 1654 265 1710 Iam
286 1669 374 1724 vero,
402 1671 472 1710 cum
492 1653 647 1711 causalitas
668 1670 775 1711 causae
796 1654 917 1711 moralis
938 1651 1081 1711 consistat
1101 1654 1129 1709 in
1158 1704 1159 1717 ,

143 1742 323 1799 inclinatione
336 1758 444 1799 causae
458 1740 601 1800 efficienti
614 1741 756 1817 physicae
777 1742 944 1813 tribuenda,
966 1760 1030 1800 non
1045 1741 1129 1817 pauci

142 1840 217 1901 sunt,
240 1829 291 1905 qui
306 1848 425 1890 causam
439 1831 585 1890 moralem
599 1840 630 1889 ut
643 1830 776 1907 speciem
790 1831 942 1907 quandam
957 1832 996 1890 ad
1010 1849 1128 1890 causam

141 1921 261 1978 finalem
282 1921 421 1978 referant.

203 2009 263 2067 Sed
284 2008 431 2084 quidquid
451 2020 495 2068 est
516 2008 555 2067 de
576 2011 634 2068 hac
655 2011 789 2069 idearum
811 2010 1016 2081 ordinatione,
1044 2011 1129 2086 ipsius

143 2116 249 2156 causae
270 2098 391 2158 moralis
404 2098 529 2157 influxus
544 2098 677 2158 consistit
698 2100 729 2157 in
744 2117 789 2172 eo,
812 2099 894 2175 quod
909 2099 996 2157 aliam
1012 2118 1130 2158 causam

143 2186 278 2262 imperio,
301 2187 435 2258 consilio,
456 2187 597 2263 precibus
611 2199 666 2247 etc.
690 2189 728 2247 ad
743 2190 883 2248 eflectum
903 2189 1131 2264 producendum
1156 2255 1157 2258 p

141 2275 263 2334 inducit.
306 2276 455 2335 Dividitur
475 2287 573 2335 autem
596 2296 685 2336 causa
705 2279 838 2348 moralis,
860 2277 936 2336 sicut
956 2279 1021 2354 ipsa
1046 2295 1130 2335 causa
1156 2315 1157 2344 ,

143 2365 274 2441 physica,
296 2366 327 2422 in
341 2365 508 2441 proximam
522 2377 552 2425 et
565 2377 720 2439 remotam,
742 2385 796 2443 per
817 2385 849 2426 se
864 2377 893 2426 et
913 2384 969 2442 per
983 2366 1130 2435 accidens,

143 2454 265 2513 totalem
285 2466 315 2513 et
328 2454 484 2531 partialem
505 2465 572 2526 etc,
595 2456 634 2514 de
655 2456 762 2531 quibus
775 2455 947 2514 notionibus
962 2454 1022 2514 iam
1036 2473 1132 2514 sumus
1155 2497 1156 2534 ,

143 2542 258 2602 dicturi.

203 2633 256 2691 Ad
265 2651 378 2690 causam
387 2633 553 2709 officientem
561 2634 708 2710 physicam
716 2635 838 2710 proinde
851 2635 1025 2692 attendentes
1039 2634 1131 2710 ipsam

143 2721 262 2781 uberius
282 2720 484 2794 declaramus,
506 2733 538 2781 ut
558 2723 595 2782 sit
616 2742 667 2794 ea,
690 2741 767 2798 quae
788 2723 906 2781 actione
929 2742 982 2782 sua
1003 2723 1065 2782 sive
1086 2740 1134 2779 na·

143 2811 229 2868 turali
250 2811 311 2869 sive
333 2811 475 2888 spirituali
495 2831 559 2870 rem
580 2812 727 2888 producit.
771 2813 821 2870 Sol
843 2829 868 2870 e.
891 2830 919 2887 g.
942 2811 1062 2870 actione
1085 2829 1133 2868 sua

143 2899 288 2958 materiali
303 2911 346 2958 est
360 2920 449 2959 causa
462 2901 587 2976 physica
601 2901 813 2976 vegetationis3
834 2901 1002 2960 intellectus
1017 2901 1134 2959 actione

144 3006 196 3046 sua
216 2989 359 3064 spirituali
380 3001 424 3048 est
445 3008 535 3049 causa
554 2991 679 3066 physica
699 2991 841 3048 idearum.
1152 3063 1154 3074 ,

204 3078 386 3154 Praecipuae
404 3097 476 3138 vero
497 3079 582 3138 huius
604 3098 710 3139 causae
732 3079 874 3154 physicae
895 3077 1058 3138 divisiones
1079 3079 1133 3136 hae
1152 3077 1154 3092 ¹

144 3177 227 3225 sunt:

208 3275 232 3310 1.
253 3255 383 3312 Ratione
403 3258 549 3328 influxus,
565 3264 658 3331 prout
676 3258 712 3314 ob
732 3263 830 3329 agente
850 3267 974 3328 profluit,
996 3257 1132 3316 dividitur

145 3339 175 3393 in
197 3338 394 3411 principalem
414 3351 444 3399 et
465 3341 728 3402 instrumentalem.
