2350 3700
152 126 202 175 242
261 125 299 159 DE
318 123 563 161 PROPRIETATIBUS
583 122 667 159 ENTIS
687 120 1027 160 TRANSCENDENTALIBUS.

150 273 181 329 in
202 272 267 345 ipsa
286 289 348 329 non
362 271 537 328 includatur.
574 270 668 327 Sensu
683 278 781 327 autem
794 269 899 326 latiore
920 278 950 325 et
969 286 1025 343 per
1047 286 1136 341 quan·

151 361 221 419 dam
247 359 416 433 analogiam
443 358 640 433 proprietates
668 358 743 415 entis
770 357 819 413 hic
839 374 980 414 vocamus
1000 364 1138 431 respectus

149 450 283 524 quosdam
302 450 440 523 speciales,
461 449 512 521 qui
530 448 607 504 mnni
625 448 684 502 enti
703 448 854 503 necessario
875 447 1050 513 conveniant,
1071 447 1139 518 quio

149 546 217 595 stent
241 539 347 595 dtiiersi
374 543 499 612 aspectus
518 537 603 591 unius
623 542 651 591 et
677 535 795 591 eiusdem
816 536 936 591 rationis
958 536 1045 602 entis,
1067 552 1140 607 quoe

150 634 243 683 toneen
272 628 382 683 notione
410 625 481 682 entis
510 631 543 680 ut
570 625 609 679 sic
637 642 693 681 non
722 625 874 681 necessario
895 623 1068 695 formaliter
1096 641 1141 678 ex·

145 717 320 790 prtinuntur.

210 804 297 876 Quae
317 803 513 877 proprietates
531 800 784 859 transcendentoles
798 800 943 871 dicuntur,
965 800 1037 874 quia
1056 802 1144 858 nullo

151 893 271 967 speciali
281 892 392 949 entium
402 908 514 965 genere
524 890 722 959 continentur,
739 889 791 947 sed
805 906 910 947 «omne
921 890 1033 946 entium
1043 906 1144 963 genus

150 981 424 1049 transcendentes»,
442 979 547 1036 rationi
570 978 646 1035 entis
660 988 692 1035 ut
705 978 747 1035 sic
761 978 930 1035 necessario
946 978 1140 1035 conveniunt.
1155 986 1156 1001 t

211 1068 499 1127 Transcendentalia
528 1067 726 1124 communiter
760 1066 910 1125 numerari
940 1066 1036 1124 solent
1066 1067 1138 1124 tria:

151 1177 257 1228 unum,
293 1176 410 1229 verum,
449 1158 578 1227 bonum,
614 1155 652 1213 de
683 1156 790 1229 quibus
819 1155 878 1215 iam
908 1155 1065 1230 speciatim
1095 1167 1142 1213 est

151 1247 309 1321 agendum.

533 1410 537 1415 ,
563 1345 684 1403 Capua»
695 1362 714 1403 1.

506 1470 561 1527 DE
583 1469 778 1528 UNITATE.

540 1611 706 1657 Auricuuus
726 1622 744 1658 1.

364 1722 413 1771 DE
432 1721 589 1772 UNITATE
609 1722 758 1771 PROPRIE
777 1722 922 1772 SUMPTA.

482 1850 499 1918 ξ
522 1868 543 1905 1.
575 1856 664 1904 Notio
684 1855 807 1905 unitatis.

212 1973 274 2027 Ens
295 1977 393 2043 potest
407 1969 504 2042 primo
519 1969 702 2027 considerari
723 1971 753 2026 in
767 1969 865 2026 ordine
886 1969 928 2024 od
936 1986 972 2026 se.
1009 1970 1056 2025 Ex
1082 1970 1152 2046 ipsa

151 2069 247 2116 autem
270 2059 319 2115 illa
340 2057 578 2115 consideratione
598 2057 753 2122 evidenter
773 2068 898 2133 apparet
918 2058 1014 2132 ipsum
1037 2076 1152 2116 revera

151 2166 214 2204 non
241 2147 367 2204 divisum
394 2163 473 2214 esse,
502 2163 561 2203 nec
582 2146 674 2206 dividi
696 2165 783 2221 posse
804 2148 836 2204 in
856 2148 956 2221 plura,
987 2147 1082 2220 quale
1109 2159 1152 2206 est

152 2237 255 2311 ipsum,
277 2236 328 2291 sed
344 2253 400 2291 esse
415 2236 564 2291 indivisum
585 2237 616 2291 io
636 2253 671 2292 se.
709 2237 823 2293 Domus
845 2236 992 2310 quaedam
1007 2253 1035 2294 e.
1051 2253 1084 2310 g.
1104 2237 1150 2294 vel

151 2325 240 2382 arbor
261 2343 323 2381 non
338 2334 405 2381 sunt
418 2323 529 2380 divisae
551 2341 608 2381 nec
624 2323 715 2382 dividi
737 2335 860 2399 possunt
874 2325 905 2381 in
918 2324 1019 2398 plures
1035 2325 1151 2382 domos

151 2415 198 2471 vel
219 2414 348 2482 arbores
372 2414 474 2487 quales
495 2422 561 2470 sunt
581 2413 672 2486 ipsae.
716 2412 802 2485 Quae
825 2414 946 2488 quidem
970 2415 1044 2470 entis
1066 2416 1102 2470 in
1124 2433 1153 2471 sc

151 2503 280 2559 indz'oz'sz'o
301 2501 408 2558 dicitur
428 2502 523 2558 unitas
544 2501 819 2560 transcendentalis

211 2593 257 2649 Eo
278 2592 343 2665 ipso
364 2601 470 2660 autem,
493 2590 575 2664 quod
589 2607 642 2649 ens
657 2601 701 2648 est
715 2590 873 2648 indivisum
887 2591 918 2647 in
932 2609 973 2661 se,
996 2593 1149 2665 sequitur,

151 2690 181 2738 ut
201 2690 332 2755 nequeat
353 2697 417 2736 esse
439 2679 524 2736 simul
545 2678 641 2752 ipsum
663 2688 692 2736 et
713 2679 779 2749 alia,
801 2680 819 2736 i.
835 2697 861 2738 e.
883 2689 915 2736 ut
935 2680 972 2737 sit
995 2679 1150 2739 «divisum

152 2788 169 2825 a
190 2770 324 2843 quolibet
346 2768 433 2824 alio».
470 2766 530 2824 Sed
550 2768 626 2824 haec
654 2778 698 2826 est
718 2769 835 2826 unitatis
857 2769 931 2825 ratio
952 2769 1149 2840 secundaria,

153 2875 229 2931 quae
259 2868 358 2914 tamen
386 2873 446 2912 non
468 2873 536 2912 raro
560 2856 591 2912 in
613 2856 785 2914 definitione
812 2857 930 2914 unitatis
954 2857 1069 2915 rationi
1094 2863 1150 2936 pri·

151 2946 261 3002 mariae
283 2943 489 3019 superadditur
509 2944 558 3013 ita,
580 2954 613 3000 ut
632 2963 723 3003 unuin
744 2945 846 3003 dicant
866 2963 930 3004 esse
944 2946 984 3013 id,
1006 2951 1096 3021 quod
1114 2956 1151 3006 est

152 3032 301 3086 indivisum
321 3034 400 3086 inse
420 3039 448 3085 et
465 3032 585 3087 divisum
606 3051 624 3088 a
645 3035 765 3105 quolibet
784 3035 841 3092 olio
853 3035 867 3091 ¹.

216 3197 224 3225 ¹
246 3199 342 3246 «Unum
353 3210 415 3259 est»,
430 3203 464 3249 ait
474 3202 498 3251 S.
510 3205 616 3264 Doctor,
634 3209 717 3270 «quod
728 3218 766 3256 est
775 3210 910 3258 indivisum
921 3211 947 3258 in
958 3227 985 3259 se
996 3224 1025 3261 et
1035 3215 1145 3266 divisum

154 3272 187 3318 ab
206 3273 269 3320 aliis,
307 3276 371 3322 Cum
389 3282 584 3344 unumquodque
604 3292 687 3333 autem
706 3297 816 3336 creatum
834 3306 881 3353 per
906 3293 1046 3342 essentiam
1081 3315 1144 3347 suan
