2350 3700
97 149 136 183 DE
157 148 305 184 DIVISIONE
326 148 470 185 GENERALI
491 147 688 184 SUBSTANTIAE
708 148 744 183 ET
763 148 945 185 ACCIDENTIS.
984 148 1035 198 273

99 294 1036 370 Quotiescumqueverohuiusmodipropositionestheologicae

46 384 265 442 examinandae
280 394 374 453 erunt,
391 394 521 443 servetur
536 385 640 458 regula
653 402 671 441 a
686 384 715 441 S.
731 386 864 442 Doctore
879 384 924 443 his
937 384 1037 442 verbis

45 474 217 549 proposita:
252 474 427 533 «Terminus
448 475 479 531 in
500 474 617 531 subiecta
637 474 750 548 positus
771 484 886 532 tenetur
907 476 1036 531 materia·

46 565 120 631 liter,
136 564 155 619 i.
172 580 197 620 e.
213 581 269 638 pro
285 564 455 637 supposit03
471 563 583 638 positus
596 580 668 620 vero
682 563 713 620 in
722 564 896 638 praedaeue,
921 573 1037 621 tenetur

40 652 227 725 formaliter,
260 652 277 709 i.
300 669 325 710 e.
355 670 411 725 pro
438 662 544 709 natura
570 652 785 726 significata.»¹
825 652 927 725 Quare
955 663 1036 710 recte

46 741 171 799 dicitur:
201 740 334 799 Christus
355 751 399 799 est
420 752 572 812 aeternus,
597 741 615 799 i.
638 758 665 799 e.
687 741 736 799 ille
758 742 809 815 qui
830 751 875 799 est
895 742 1036 813 Christus,

46 840 90 887 est
120 840 275 903 aetemns3
305 830 380 889 falso
411 840 524 889 autem:
561 830 695 888 Christus
724 847 787 887 non
817 841 861 889 est
890 841 1035 888 aeternus.

46 919 176 993 Negatio
204 919 285 977 enim
312 929 446 977 removet
474 920 645 977 attributum
672 938 691 976 a
718 919 852 977 subiecto
879 920 934 977 sub
955 920 1037 977 omni

47 1018 185 1082 respectu
207 1003 282 1083 («est
302 1008 492 1083 malignantis
505 1002 670 1082 naturaei).
706 1008 767 1066 Sed
787 1026 849 1066 non
870 1019 914 1067 est
934 1026 1037 1066 verum

46 1098 128 1155 illum
160 1098 211 1172 qui
242 1108 286 1155 est
316 1097 465 1169 ChristuS,
502 1098 556 1155 sub
592 1097 675 1155 omni
708 1108 846 1172 respectu
880 1116 942 1155 non
972 1116 1036 1157 esse

46 1197 216 1257 aeternum,
246 1196 290 1244 est
316 1187 397 1244 enim
425 1196 562 1245 aeternus
590 1196 622 1243 ut
643 1188 733 1244 Deus.
776 1187 905 1245 Proinde
927 1188 951 1243 si
972 1187 1038 1261 quis

45 1275 281 1351 appellationem
296 1276 419 1334 subiecti
433 1276 589 1333 formalem
608 1275 697 1333 vellet
710 1276 942 1351 intellegendam
963 1294 1036 1347 esse,

45 1366 124 1421 hanc
154 1382 237 1423 suam
265 1366 456 1436 sententiam,
485 1364 619 1423 adhibita
645 1365 789 1439 particula
815 1365 1037 1441 reduplicativa,

47 1454 211 1511 formaliter
233 1454 399 1528 exprimere
420 1454 559 1524 debebat,
582 1453 714 1511 dicendo
735 1472 761 1511 e.
777 1470 821 1528 g.:
844 1455 985 1525 Christus,
1007 1465 1038 1511 ut

46 1542 181 1599 Christus
204 1537 231 1617 (i.
255 1560 279 1600 e.
302 1553 333 1599 ut
356 1536 573 1616 Homo-Deus),
596 1560 659 1599 non
680 1553 724 1599 est
744 1552 888 1601 aeternus

106 1721 255 1769 Scholion.
296 1714 318 1769 I.
344 1710 520 1785 Quaeritur,
548 1718 645 1767 utrum
665 1712 842 1769 subsistentia
864 1714 903 1769 sit
922 1712 1039 1769 realiter

47 1802 180 1858 distincta
200 1802 236 1859 ab
257 1802 375 1858 essentia
395 1800 550 1859 iaa'z'ttidua.

109 1889 214 1947 &neus
241 1891 326 1949 huius
347 1890 528 1964 quaestionis
548 1888 599 1946 hic
620 1899 680 1946 est:
711 1890 800 1947 Ratio
821 1891 885 1963 illa,
916 1910 975 1965 qua
997 1893 1037 1961 fit,

48 1989 80 2035 ut
100 1979 264 2037 substantia
279 1979 428 2055 completa
442 1978 596 2037 individua
609 1979 646 2036 sit
666 1979 709 2037 sui
723 1979 802 2050 iuriS,
824 1990 907 2037 estne
926 1980 1039 2054 aliquid

48 2068 208 2142 positivum
236 2069 381 2126 essentiae
407 2067 580 2126 individuae
607 2079 639 2124 ut
667 2068 920 2142 complementum
940 2086 1039 2144 super-

47 2157 200 2228 additum,
230 2157 270 2216 ita
290 2168 321 2214 ut
342 2158 526 2233 suppositum
547 2156 583 2214 sit
611 2174 659 2215 res
680 2157 737 2214 alia
757 2176 794 2214 ae
818 2157 945 2215 essentia
966 2157 1043 2215 indi-

19 2255 20 2278 l
46 2247 154 2316 tridua,
186 2264 263 2320 quae
292 2265 328 2304 ex
356 2265 388 2304 se
414 2246 667 2322 complementum
688 2246 760 2304 illud
780 2265 842 2304 non
863 2247 972 2305 habet?
1000 2267 1038 2304 an

47 2335 163 2410 aliquid
185 2345 229 2392 est
248 2336 427 2410 negativum,
450 2334 615 2394 consistens
629 2335 660 2392 in
679 2353 762 2393 mera
776 2336 945 2394 exclusione
960 2354 1039 2394 com-

46 2423 199 2482 munionis
229 2425 314 2482 unius
344 2424 524 2483 substantiae
554 2443 623 2482 cum
644 2425 717 2495 alia,
750 2424 790 2481 ita
817 2434 848 2481 ut
874 2425 952 2483 inter
975 2442 1040 2499 sup·

48 2514 179 2587 positum
205 2523 234 2570 et
262 2513 420 2572 essentiam
449 2513 633 2571 individuam
661 2530 722 2570 non
750 2513 786 2571 sit
813 2513 869 2570 nisi
890 2513 1039 2571 distinctio

49 2602 173 2660 rationis
195 2620 262 2659 cum
283 2602 479 2660 fundamento
500 2603 532 2658 in
553 2601 605 2660 re?

110 2694 174 2748 Iam
195 2708 268 2748 vero
289 2690 399 2766 duplex
420 2691 476 2748 hac
498 2691 536 2748 de
559 2709 591 2748 re
617 2691 728 2749 exsistit
748 2691 825 2748 inter
845 2690 1039 2766 philosophos

50 2791 79 2838 et
100 2781 259 2855 theologos
279 2782 424 2837 sententia.

113 2867 275 2926 1.Scatus²
303 2869 382 2927 enim
411 2879 441 2926 et
468 2887 535 2926 cum
563 2869 629 2943 ipso
656 2869 739 2926 multi
767 2886 804 2926 ex
825 2869 1040 2926 recentioribus

114 3084 122 3114 ¹
142 3085 227 3147 Quam
245 3084 358 3149 regulam
378 3085 537 3150 explanatam
556 3084 635 3132 habes
655 3101 731 3149 supra
748 3103 773 3149 p.
794 3097 842 3148 33,
870 3085 912 3132 ubi
936 3085 968 3132 de
994 3094 1039 3134 ter-

51 3165 178 3214 minorum
197 3165 371 3230 appellatione
390 3166 504 3214 diximus.

111 3243 122 3275 ²
143 3245 217 3293 Duns
233 3243 322 3294 Scotus
336 3242 546 3310 (1266—1308),
567 3260 598 3292 ex
612 3244 710 3292 Ordine
723 3245 748 3292 S.
763 3243 897 3301 Francisci,
919 3244 944 3290 in
963 3242 1039 3290 rebus

52 3336 110 3374 tunc
124 3325 246 3389 temporis
260 3325 426 3374 controversis
437 3325 462 3373 S.
473 3323 593 3372 Doctoris
604 3322 761 3369 adversarius
772 3322 913 3369 acerrimus.
936 3321 1041 3380 Propter

104 3417 296 3467 Reinstadler,
312 3417 381 3458 Elem.
397 3416 476 3467 philos.
492 3414 560 3454 schol.
583 3414 600 3454 l.
799 3474 803 3483 .
850 3406 880 3452 18
