2350 3700
394 143 432 178 DE
450 143 655 179 CERTITUDINE.
970 142 1015 192 171

37 287 125 362 agitur
151 289 203 345 hic
233 309 295 347 non
323 290 362 349 de
390 289 568 366 specialibus
596 291 652 348 illis
681 290 864 349 certitudinis
886 291 1018 363 criteriis,

37 377 84 434 sed
104 377 142 434 de
156 380 303 455 principio
323 380 442 454 qaedam
463 398 527 450 arra,
549 399 569 436 a
582 397 637 454 qua
651 381 860 449 unamaliter,
881 380 1019 454 infallibi-

37 467 107 535 liter,
134 467 290 525 altimatim
315 467 412 526 omnis
439 468 586 527 certitudo
607 478 709 526 nostra
736 469 908 544 proveniat:
937 470 1020 544 quod

37 555 156 630 proinde
177 556 347 615 inveniatur
361 558 392 614 in
413 557 552 616 omnibus
566 568 595 616 et
616 557 738 632 singulis
753 557 876 616 criteriis
897 568 928 616 ut
942 557 1020 632 prin-

37 643 146 719 cipium,
170 663 235 720 quo
256 665 473 722 cognoscamus
494 665 562 705 cum
583 646 761 706 certitudine
783 647 915 722 ipsorum
936 647 1020 706 crite·

37 734 139 791 riorum
159 736 363 795 veracitatem.

89 825 160 881 Hoc
181 835 284 883 autern
304 824 484 900 principium
505 843 594 901 supra
616 819 655 900 (p.
679 843 734 898 130
751 818 807 899 sq.)
829 825 1020 900 probavimus

38 929 94 970 esse
113 913 287 970 melantiam
307 915 467 972 ebr‘eetiaam
487 915 574 971 menti
592 932 648 971 sese
668 913 904 986 manifestantem.

87 1003 133 1058 Ex
153 1001 310 1061 evidentia
328 1021 401 1061 vero
422 1002 571 1062 obiectiva
599 1002 692 1062 menti
719 1020 784 1062 sese
812 1001 1019 1062 manifestante

41 1089 121 1147 oritur
148 1090 182 1148 in
212 1091 279 1167 ipsa
304 1101 404 1150 mente
432 1091 582 1150 evidentia
607 1090 784 1162 subiectiva‚
816 1110 905 1166 quam
933 1110 1021 1167 supra

41 1173 72 1253 (p.
89 1174 156 1253 130)
180 1179 370 1239 definivimus
390 1191 421 1238 ut
441 1179 493 1238 sit:
522 1182 585 1256 ipsa
599 1181 753 1238 evidentiae
773 1182 920 1239 obiectivae
940 1182 1020 1238 clara

40 1271 174 1344 perceptio,

90 1359 158 1415 Vox
168 1357 340 1418 evidentiae
349 1359 414 1418 sine
429 1358 531 1417 addito
545 1358 576 1416 in
591 1358 702 1434 duplici
715 1359 776 1417 hoc
786 1376 873 1417 sensu
889 1360 1019 1417 sumitur.

43 1447 288 1522 lnpropositione
303 1466 329 1506 e.
345 1463 386 1522 g.:
412 1447 607 1507 ‹Exsistentia
621 1446 680 1506 Dei
694 1457 737 1506 est
752 1447 903 1519 evidens»,
926 1447 1021 1524 agitur

42 1535 71 1592 de
90 1537 244 1595 evidentia
258 1536 422 1611 obiectiva3
443 1537 566 1612 quando
580 1537 688 1594 dicitur
701 1552 789 1595 vero:
815 1537 1021 1595 «Evidentiam

41 1623 174 1686 habemus
196 1627 236 1685 de
258 1625 428 1690 exsistentia
449 1626 542 1697 Dei»,
570 1645 629 1685 vox
657 1625 825 1685 evidentiae
846 1625 969 1685 sumitur
990 1626 1020 1683 in

43 1731 119 1771 sensu
140 1715 316 1774 subiectivo

91 1803 287 1881 Distinguitur
307 1815 406 1865 autem
427 1804 577 1865 evidentia
598 1824 616 1863 a
637 1804 813 1865 certitudine
827 1815 859 1863 ut
873 1823 962 1864 causa
982 1805 1020 1863 ab

44 1893 146 1954 effectu.
188 1895 273 1953 Hinc
293 1897 325 1953 tit
345 1904 386 1966 ut,
408 1914 477 1954 cum
497 1894 649 1954 ordinario
671 1895 817 1955 certitudo
838 1905 967 1953 sumatur
988 1895 1019 1952 in

43 1999 119 2041 sensu
138 1984 314 2056 subiectivo,
335 1984 488 2067 evidentia
508 1985 674 2061 generatim
688 1984 874 2059 intellegatur
887 1984 918 2043 in
933 2002 1020 2043 sensu

46 2071 190 2133 obiectivo

94 2162 253 2221 Evidentia
280 2164 444 2236 obiectiva‚
472 2166 500 2222 si
525 2164 719 2222 consideratur
744 2162 856 2231 medas,
884 2182 939 2238 qao
965 2181 1022 2219 sese

46 2251 208 2323 nanifestat,
230 2252 429 2329 multipliciter
450 2253 543 2312 dividi
563 2261 670 2330 potest.
707 2251 903 2327 Distinguitur
923 2251 1019 2310 enim:

98 2360 120 2397 1.
147 2341 310 2399 Evidentia
336 2343 469 2400 interna:
496 2344 546 2400 illa
567 2343 647 2400 clara
669 2340 800 2399 veritatis
821 2341 943 2399 alicuius
971 2342 1021 2398 ob·

46 2422 155 2489 iectivae
169 2429 332 2502 visibilitas,
355 2449 415 2505 qua
428 2432 468 2501 fit,
488 2441 520 2489 ut
540 2432 602 2506 ipsa
616 2439 674 2505 per
691 2448 719 2488 se
739 2431 831 2489 menti
852 2448 916 2489 sese
931 2430 1022 2487 mani-

48 2512 128 2575 festet.
168 2518 252 2577 Talis
272 2530 318 2578 est
342 2538 368 2577 e.
390 2538 418 2594 g.
440 2518 605 2591 evidentia,
638 2538 728 2594 quam
748 2537 804 2595 pro
825 2519 912 2577 nobis
932 2519 1023 2576 habet

47 2608 204 2675 praesentia
233 2608 318 2680 solis,
350 2609 472 2684 quando
501 2610 595 2681 lucet,
627 2609 675 2668 vel
704 2608 853 2667 evidentia
883 2607 1022 2683 principii

50 2696 288 2756 contradictionis.
310 2728 350 2737 -
370 2697 529 2757 Evidentia
549 2698 668 2757 interna
688 2709 746 2756 est:

97 2785 140 2843 vel
167 2787 348 2844 immediata.-
372 2786 437 2857 illa,
460 2805 537 2861 quae
558 2805 613 2861 per
634 2785 800 2863 simplicem
823 2785 959 2844 intuitum
981 2788 1022 2844 in·

51 2871 165 2933 tellectus
188 2870 361 2949 (intuitive),
390 2876 438 2933 vel
458 2894 513 2951 per
540 2874 755 2951 experientiam
776 2893 914 2934 sensuum
934 2875 1022 2935 nobis

52 2974 175 3038 apparet3
197 2982 223 3022 e.
246 2983 274 3039 g.
296 2964 445 3023 evidentia
465 2954 605 3041 principii
626 2963 887 3041 contradictionis3

100 3054 143 3110 vel
171 3054 312 3111 mediata:
340 3054 405 3125 illa,
437 3071 515 3129 quae
542 3072 598 3128 per
627 3053 814 3112 ratiocinium
838 3049 1021 3131 (discursive)

55 3152 176 3217 apparea
197 3160 223 3201 e.
246 3160 274 3217 g.
296 3143 446 3202 evidentia
467 3142 655 3201 exsistentiae
677 3142 744 3201 Dei.

102 3250 124 3289 2.
145 3230 304 3290 Evidentia
324 3240 460 3290 externa:
488 3242 533 3291 est
560 3232 642 3289 clara
662 3230 814 3291 visibilitas
841 3252 904 3291 non
932 3231 1022 3309 ipsius

56 3318 165 3379 veritatis
178 3319 346 3379 obiectivae
367 3322 398 3379 in
412 3340 453 3394 se,
476 3321 529 3379 sed
543 3322 686 3378 ratianum
700 3328 893 3391 externarum,
916 3323 1022 3398 quibus
