2350 3700
220 127 259 162 DE
280 126 449 163 SYLLOGISMI
469 125 665 165 RECTITUDINE
685 128 720 163 ET
740 126 891 164 VERITATE.
1020 127 1050 177 71

38 270 247 333 immortalis.
285 274 378 349 Atqui
392 276 514 350 angelus
535 293 597 334 non
619 285 665 335 est
685 276 784 333 anima
798 275 936 335 humana.
972 277 1054 352 Ergo

40 363 186 437 angelus
209 382 274 421 non
296 374 341 422 est
360 364 542 423 immortalis.

53 511 73 579 ἓ
97 529 127 567 2.
164 519 268 567 Nexus
287 518 449 577 declaratur,
471 517 518 580 qui
537 518 608 567 inter
626 519 823 568 rectitudinem
840 520 1000 582 syllogismi
1019 529 1046 568 et

330 598 526 647 conclusionis
545 599 691 648 veritatem
709 600 792 661 viget.

118 721 283 783 Supposita
295 722 452 784 syllogismi
464 723 639 782 rectitudine,
653 713 754 789 quoad
769 714 970 773 conclusionis
983 715 1055 773 veri·

46 810 155 859 tatem
177 801 257 860 haec
277 813 343 861 sunt
364 802 511 861 notanda:
686 790 689 800 ’

118 892 148 948 Ι.
171 890 310 949 Sibarae
330 899 398 949 sunt
410 894 599 968 praemissae,
621 894 755 950 conclusio
774 901 883 969 semper
902 896 958 951 crit
976 913 1054 953 vera

49 982 134 1038 Hoc
158 980 292 1055 sequitur
320 999 357 1039 ex
376 981 442 1057 ipsa
463 993 567 1040 natura
595 982 757 1057 syllogismi
779 985 855 1041 recti.
898 985 1058 1060 Supposita

52 1070 146 1127 enim
175 1071 234 1128 hac
262 1070 454 1142 rectitudine,
480 1071 633 1130 conclusio
660 1071 732 1129 nihil
759 1072 839 1130 aliud
867 1083 912 1131 est
931 1074 989 1132 nisi
1010 1092 1057 1133 ex·

53 1160 169 1235 plicita
198 1160 362 1218 declaratio
384 1162 454 1231 eius,
485 1160 567 1235 quod
592 1162 623 1217 in
644 1161 812 1236 praemissis
833 1160 975 1237 implicite
997 1162 1056 1221 iam

56 1249 181 1307 dictum
205 1261 257 1307 est.
300 1249 360 1308 Sed
381 1250 405 1307 si
426 1249 608 1325 praemissae
631 1259 699 1308 sunt
719 1270 823 1321 verae,
852 1252 1005 1311 conclusio
1026 1251 1058 1309 in

58 1340 138 1415 ipsis
160 1338 314 1414 implicata
335 1358 406 1398 vera
427 1348 479 1397 est.
515 1339 646 1397 Proinde
661 1339 799 1414 explicite
821 1341 972 1399 declarata
986 1360 1056 1399 vera

59 1429 130 1487 erit.
175 1429 263 1487 Idem
284 1428 377 1500 enim,
407 1428 489 1503 quod
510 1428 653 1504 implicite
675 1429 825 1502 asseritur,
855 1432 992 1505 explicite
1014 1450 1057 1489 as·

58 1528 178 1577 sertum
202 1529 247 1576 est
267 1518 324 1576 sibi
344 1517 432 1576 idem.

126 1607 214 1666 Hinc
241 1608 372 1682 sequitur
399 1608 533 1679 axioma,
562 1608 645 1665 cuius
672 1626 782 1682 magna
802 1610 857 1667 erit
877 1608 907 1666 in
929 1610 1057 1685 disputa·

61 1697 201 1755 tionibus
215 1696 378 1755 dialecticis
399 1696 521 1755 utilitas:
543 1697 578 1754 Si
597 1715 761 1772 comaquens
774 1697 952 1771 falsarunt,
973 1701 1057 1756 alter-

61 1795 136 1845 utra
157 1788 257 1844 saltem
277 1806 313 1843 ex
328 1788 493 1862 praemissas
507 1787 595 1862 falsu
614 1788 653 1843 sit
671 1794 786 1864 oportet.

127 1880 167 1936 II.
190 1877 225 1934 Si
238 1877 339 1951 falsae
352 1885 419 1934 sunt
432 1879 608 1953 praemissae
622 1871 741 1952 (ambae
755 1879 802 1935 vel
817 1873 976 1951 alterutra),
998 1898 1056 1936 con·

64 1969 152 2024 clusio
174 1974 270 2042 potest
288 1966 375 2039 falsa
402 1985 458 2024 esse
482 1967 530 2024 vel
552 1984 629 2024 uera.
672 1965 792 2024 Etenim
819 1966 844 2024 si
873 1967 964 2026 falsae
992 1987 1057 2044 sup·

65 2065 222 2132 ponuntur
242 2055 432 2131 praemissae,
457 2056 516 2114 hoc
538 2074 574 2113 ex
595 2054 708 2130 duplici
728 2055 844 2114 ratione
858 2056 922 2114 fieri
942 2067 1054 2132 potest:

128 2145 187 2202 Vel
206 2163 242 2203 ex
257 2163 304 2215 eo,
327 2145 409 2220 quod
422 2145 454 2202 in
468 2143 638 2219 praemissis
653 2138 816 2218 (implicite)
832 2145 1000 2204 enuntiatur
1014 2166 1056 2205 re·

66 2235 138 2292 latio
154 2234 385 2292 convenientiae
399 2235 446 2292 vel
461 2232 734 2292 disconvenientiae
750 2233 874 2292 subiecti
884 2245 914 2292 et
927 2235 1057 2293 attributi

67 2322 272 2382 conclusionis
293 2331 321 2380 et
339 2325 511 2381 simultatio
534 2324 619 2379 liuius
639 2325 855 2392 convenientiae,
877 2343 936 2380 cum
956 2343 1058 2383 reuera

66 2430 200 2471 neutrum
222 2412 274 2470 sit:
296 2423 366 2470 tunc
388 2412 541 2470 conclusio
562 2422 644 2470 recte
663 2411 791 2471 deducta
811 2413 981 2471 necessario
1003 2414 1058 2472 erit

68 2503 151 2573 falsa,
168 2502 333 2559 secundum
347 2501 527 2578 principium
542 2520 632 2576 supra
645 2511 850 2560 memoratum.
880 2505 1057 2578 Exemplum

66 2591 153 2649 huius
175 2590 219 2648 rei
240 2591 333 2650 habes
354 2592 386 2649 in
406 2593 465 2650 hoc
493 2589 681 2666 syllogismo:
711 2591 811 2650 Omne
833 2591 984 2666 spirituale
1013 2602 1058 2650 est

69 2681 248 2738 immortale.
298 2679 391 2755 Atqui
417 2680 492 2755 lapis
521 2691 565 2738 est
593 2679 757 2753 spiritualis.
801 2682 883 2756 Ergo
911 2681 986 2756 lapis
1014 2692 1058 2740 est

69 2769 254 2828 immortalis.

130 2860 189 2916 Vel
218 2875 255 2916 ex
275 2877 328 2930 e0,
362 2859 444 2934 quod
465 2858 495 2915 in
516 2859 686 2933 praemissis
707 2860 808 2916 relatio
830 2859 1057 2918 convenientiae

70 2949 117 3006 vel
128 2948 405 3007 disconvenientiae
416 2947 537 3023 quidem
548 2947 724 3017 enuntiatur,
739 2967 811 3022 quac
824 2966 926 3006 reuera
940 2951 1056 3018 exsistit,

71 3038 125 3096 sed
145 3047 218 3096 falsa
236 3037 393 3096 adducitur
406 3037 491 3096 huius
508 3036 659 3096 relationis
679 3045 765 3105 ratio;
787 3047 857 3095 tunc
878 3037 1058 3113 principium

71 3145 161 3201 supra
188 3127 340 3186 laudatum
369 3145 431 3185 non
460 3126 603 3202 impedit,
631 3127 791 3200 quominus
818 3127 972 3185 conclusio
993 3145 1058 3186 esse

71 3216 165 3292 possit
185 3234 256 3274 vera
271 3217 471 3287 materialiter,
494 3215 511 3273 i.
528 3233 554 3273 e.
576 3232 640 3271 non
661 3232 698 3271 ex
712 3214 828 3271 ratione
842 3215 873 3270 in
887 3215 1058 3289 syllogismo

73 3305 233 3375 declarata,
256 3306 310 3364 sed
331 3325 369 3364 ex
390 3305 455 3364 alia.
491 3303 587 3361 Huius
609 3302 653 3359 rei
674 3302 844 3375 exemplum
864 3301 913 3357 hic
934 3301 1059 3375 praebet
