2350 3700
356 130 423 166 VITA
443 127 583 166 DOCTORIS
602 129 749 167 ANGELICI.
1019 130 1047 166 Xl

41 278 185 354 scripsit,
212 280 371 337 «Summae
392 278 597 352 theologicae»
621 277 781 335 maximam
803 295 928 352 operam
948 278 1048 348 dabar,

42 376 134 434 cuius
164 375 279 452 primas
300 377 466 451 nonaginta
487 376 678 451 quaestiones
699 376 790 451 partis
818 376 937 447 tertiae,
968 393 1049 434 anno

47 492 129 547 1272
147 475 313 550 Neapolim
334 485 463 545 vocatus,
486 475 550 550 ipse
571 474 706 532 absolvit.
736 475 809 531 Mox
823 493 841 531 a
856 474 1006 550 Gregorio
1020 475 1048 532 X

44 573 88 631 ad
112 572 288 630 Concilium
316 572 517 647 Lugdunense
545 573 575 630 II
602 573 708 630 missus
735 567 853 645 (1274),
884 571 916 629 in
943 571 1048 632 itinere

43 671 163 730 morbo
193 681 364 746 correptuS,
398 670 427 728 in
456 671 638 728 monasterio
666 669 779 728 ordinis
807 670 1048 729 Cisterciensium

45 771 275 840 Fossaenovae,
298 769 349 827 ubi
370 769 531 844 propinqui
545 768 691 837 Thomae,
713 767 829 826 domini
843 769 882 827 de
898 769 1048 838 Ceccan0,

45 868 242 927 conveniens
261 867 421 942 hospitium
434 867 637 942 impetrarunt,
659 876 691 924 ut
703 866 749 924 vir
762 867 961 925 sanctissimus
975 867 1050 926 sani·

45 968 104 1024 tati
126 985 201 1024 suae
223 967 398 1037 consuleret,
420 967 480 1024 vita
502 965 589 1024 cessit
610 964 706 1023 Nonis
727 965 841 1035 Martii,
863 965 938 1023 hora
958 977 1049 1023 matu·

48 1065 116 1122 tina
147 1064 210 1122 diei
239 1064 370 1135 sabbati,
408 1064 511 1122 aetatis
539 1081 609 1122 suae
631 1081 711 1121 anno
732 1062 981 1138 quinquagesimo
1007 1063 1049 1122 in·

46 1164 175 1234 choat0,
198 1171 358 1238 postquam
379 1162 410 1220 in
431 1161 622 1237 suscipiendo
643 1181 665 1220 s.
687 1160 807 1218 Viatico
828 1161 1048 1220 confessionem

46 1261 124 1319 fidei
145 1261 268 1336 publice
291 1259 387 1318 emisit
406 1258 449 1318 sic
470 1269 666 1335 conceptam:
701 1259 810 1316 «Sumo
831 1260 892 1330 Te,
920 1260 1048 1335 pretium

48 1358 275 1434 redemptionis
302 1376 403 1428 meae,
432 1376 517 1416 sumo
545 1359 605 1429 Te,
634 1356 774 1416 viaticum
800 1357 1049 1432 peregrinationis

46 1477 156 1529 meae,
187 1477 243 1534 pro
266 1458 349 1516 cuius
370 1475 471 1514 amore
493 1455 567 1526 vixi,
596 1454 716 1531 vigilari
736 1465 767 1513 et
786 1456 935 1527 laboravi,
965 1475 1049 1532 prae·

47 1556 153 1615 dicavi
176 1566 206 1614 et
227 1556 333 1613 studui.
350 1602 355 1612 .
374 1602 379 1612 .
397 1575 421 1612 .»
