2350 3700
440 77 479 113 ott
499 78 561 113 lPSA
579 76 705 113 RATIONE
724 77 815 114 ENTIS.

548 243 657 300 Carus
679 259 708 299 11.
1158 278 1159 289 ,

210 366 266 422 DE
287 365 427 422 PRIMIS
448 364 568 423 ENTIS
590 365 1047 423 DETERMINATIONIBUS.

196 488 411 545 Pracmtamcn.
454 488 586 560 Quando
615 506 667 546 ens
695 488 725 545 in
754 489 923 546 universum
948 498 977 545 et
998 487 1123 546 indeter·
1158 466 1159 551 l

136 577 247 635 minate
267 586 416 652 sumptum
437 577 539 651 primis
560 577 619 634 suis
640 577 935 635 determinationibus
950 577 1122 651 explicatur,

135 676 206 724 tunc
226 666 446 739 distinguimus:

200 775 224 813 1.
246 756 309 813 Ens
329 755 360 811 in
382 765 449 813 actu
471 764 500 813 et
521 772 575 813 ens
595 753 627 811 in
647 756 790 829 potentia.

197 846 259 901 Eus
279 845 310 901 in
330 851 394 900 actu
413 845 462 902 vel
482 862 531 901 ens
550 844 659 900 actuale
679 843 751 901 illud
773 842 896 915 dicitur,
929 844 1012 918 quod
1033 843 1125 900 habet

137 932 335 991 exsistentiam
356 932 543 1007 explicitam,
564 933 608 991 sic
628 932 729 991 anima
749 932 976 1007 uniuscuiusque
992 942 1127 990 nostrum

140 1032 184 1080 est
205 1040 258 1079 ens
280 1021 311 1079 in
331 1031 408 1079 actu.

197 1112 260 1167 Ens
280 1112 455 1186 inpotentia
475 1111 523 1169 vel
543 1129 592 1167 ens
606 1112 738 1185 possibile
765 1109 836 1169 illud
865 1120 923 1182 est,
952 1110 1037 1185 quod
1062 1128 1124 1167 non

137 1200 228 1257 habet
242 1199 441 1258 exsistentiam
456 1199 635 1274 explicitam,
657 1199 711 1259 sed
725 1209 838 1257 tantum
852 1199 1036 1275 implicitam,
1056 1217 1125 1256 con·

137 1297 251 1346 tentum
279 1288 393 1347 scilicet
420 1288 451 1347 in
478 1288 646 1347 exsistentia
673 1306 795 1359 causae,
827 1308 845 1346 a
873 1307 932 1363 qua
960 1287 1125 1364 procedere
1158 1324 1159 1335 ,

137 1378 236 1435 debet
265 1377 315 1435 Sic
335 1378 453 1435 animae
473 1387 593 1435 nostrae
615 1389 684 1436 ante
705 1388 824 1437 centum
838 1396 934 1435 annos
948 1388 1034 1436 erant
1047 1377 1127 1434 entia

138 1466 298 1542 possibilia,
323 1465 392 1541 quia
413 1466 613 1525 exsistentiam
634 1476 704 1525 tunc
724 1485 787 1524 non
807 1468 959 1525 habebant
973 1465 1126 1542 propriam

138 1566 168 1613 et
188 1556 372 1631 explicitam,
403 1557 456 1613 sed
477 1554 651 1631 implicitam
672 1555 704 1613 in
730 1557 864 1631 potentia
885 1555 943 1614 Dei
972 1554 1126 1613 creatrice.

198 1646 233 1702 In
255 1654 324 1703 ente
343 1662 432 1714 vero,
464 1645 546 1719 quod
567 1643 692 1715 exsistit,
721 1663 806 1704 mens
833 1645 944 1720 duplex
970 1643 1128 1718 distinguit

136 1734 324 1792 elementum.
368 1733 547 1792 Considerat
574 1734 654 1791 enim
682 1733 780 1809 primo
808 1734 852 1802 id,
883 1752 937 1808 quo
965 1751 1011 1790 res
1035 1733 1131 1790 estid

136 1823 284 1897 quidest,
309 1822 373 1881 aliis
393 1823 506 1882 verbis:
538 1822 612 1882 illud
632 1823 824 1882 intrinsecum
846 1822 904 1894 rei,
934 1840 994 1898 quo
1017 1824 1066 1894 fit,
1097 1832 1130 1879 ut

135 1913 200 1987 ipsa
229 1930 276 1970 res
305 1913 415 1971 habeat
444 1914 535 1971 talem
566 1924 701 1971 naturam
730 1922 760 1971 et
786 1931 849 1970 non
879 1913 983 1983 aliam,
1020 1922 1054 1969 ut
1091 1913 1130 1970 sit

136 2001 236 2059 anima
257 2001 394 2073 humana,
417 2020 443 2060 e.
459 2020 487 2076 g.
504 2011 534 2060 et
554 2019 616 2059 non
631 2001 723 2076 lapis3
743 2011 773 2060 et
786 2003 846 2059 hoc
859 2011 982 2060 vocatur
996 2003 1129 2058 essentia.

136 2093 293 2148 Praeterea
315 2089 502 2166 distinguitur
521 2090 553 2148 in
573 2110 606 2149 re
628 2091 666 2148 ab
688 2091 815 2149 essentia
835 2090 881 2161 id,
913 2089 995 2164 quod
1016 2089 1131 2150 dicitur

135 2181 306 2247 exsistentia,
331 2197 392 2254 quo
413 2179 526 2238 scilicet
547 2199 595 2238 res
616 2181 681 2237 talis
701 2181 749 2238 vel
769 2179 834 2238 talis
856 2180 1001 2238 essentiae
1022 2179 1129 2254 habet,

136 2278 168 2325 ut
189 2286 293 2326 revera
315 2269 442 2326 exsistat,

197 2377 223 2415 2.
246 2359 308 2414 Ens
329 2358 445 2415 actuale
467 2368 580 2415 autem:

194 2447 242 2504 vel
262 2446 359 2504 taliter
380 2446 470 2504 habet
491 2447 706 2519 exsistentiam,
735 2457 849 2504 utnon
870 2445 964 2522 possit
983 2466 1051 2506 non
1082 2468 1130 2508 ex-

134 2536 246 2606 sistere,
269 2545 299 2593 et
320 2545 391 2592 tunc
412 2534 520 2594 dicitur
540 2553 595 2593 ens
616 2537 731 2594 actuale
752 2538 952 2606 necessarium·
1006 2606 1010 2608 ῃ

194 2625 242 2682 vel
263 2623 432 2682 exsistentia
453 2625 515 2682 eius
536 2625 601 2681 talis
616 2634 668 2694 est,
691 2635 723 2682 ut
737 2625 831 2700 possit
845 2643 908 2683 non
922 2624 1075 2698 exsistere,
1102 2639 1130 2685 et

134 2723 256 2771 vocatur
277 2712 445 2770 huiusmodi
466 2730 519 2770 ens
540 2715 706 2786 contingam.
830 2719 837 2724 ⁴

195 2805 258 2861 Ens
278 2800 464 2876 contingens,
486 2820 554 2861 cum
575 2820 638 2860 non
659 2803 769 2860 habeat
789 2820 893 2860 omnes
911 2802 1129 2877 perfectiones,

134 2891 187 2948 sed
208 2893 245 2948 sit
262 2891 425 2960 limitatum,
447 2900 570 2949 vocatur
585 2892 674 2950 etiam
689 2893 877 2967 ensfinitum,
899 2891 946 2949 cui
960 2894 1131 2966 opponitur

135 2995 189 3033 ens
209 2979 359 3050 infinitum.

195 3065 243 3120 De
263 3064 309 3121 his
328 3065 515 3137 notionibus,
547 3086 616 3124 cum
638 3069 758 3126 maximi
779 3069 838 3127 sint
858 3069 1011 3140 momenti,
1037 3089 1131 3145 quae
1158 3107 1159 3112 κ

136 3147 205 3203 dam
235 3150 294 3206 iam
323 3151 442 3210 uberius
471 3165 539 3212 sunt
568 3157 766 3231 explananda.
809 3158 880 3216 Non
910 3159 1005 3216 solum
1043 3162 1129 3219 enim

137 3235 260 3290 multum
280 3237 443 3296 inserviunt
463 3241 502 3298 ad
522 3242 622 3301 ideam
644 3246 718 3304 entis
746 3245 970 3323 explicandam,
998 3249 1057 3306 sed
1085 3250 1128 3307 in-
