2350 3700
93 157 133 194 DE
153 159 310 197 DIVISIONE
329 161 476 197 GENERALI
495 160 695 198 SUBSTANTIAE
715 161 751 197 ΕΤ
770 162 953 199 ACCIDENTIS.
994 162 1042 213 271

46 322 106 362 non
135 324 208 365 esse
237 317 282 366 sui
301 317 379 366 iuris.
419 308 469 367 Sui
497 308 568 366 iuris
592 308 673 367 enim
701 309 809 368 dicitur
830 310 895 384 ille,
927 320 975 381 qui
1003 320 1048 369 rui

45 396 134 457 ipsius
155 406 205 445 est
224 404 252 445 et
271 412 329 445 non
348 398 476 457 alterius,
504 399 543 446 ita
561 406 592 446 ut
611 398 666 447 sibi
684 406 814 461 operetur
833 408 861 448 et
879 400 949 449 nulli
969 414 1046 449 com-

45 476 173 525 municet
193 491 311 526 suarum
330 478 474 527 actionum
494 478 661 527 dominium.

103 557 300 615 Substantiae
309 576 382 616 vero
393 558 572 634 completae,
586 560 735 617 scandum
750 560 911 617 naturalem
921 560 1047 617 ordimm

45 664 151 715 rerum,
176 666 285 705 omnes
300 645 339 705 de
354 648 434 706 facto
456 658 524 706 sunt
544 646 588 706 sui
603 647 681 719 iuriS,
704 647 745 705 ita
763 647 840 706 utin
861 649 920 707 hoc
941 649 1047 707 ordine

45 735 173 793 naturali
204 736 286 794 nulla
306 754 450 812 umquam
474 736 598 796 inventa
628 736 664 795 sit
694 737 857 796 substantia
888 740 1047 813 completa,

46 842 122 897 quae
144 844 215 883 non
236 824 301 896 sibi,
324 826 378 884 sed
399 826 484 885 alteri
504 826 642 885 tribuerit
656 826 808 885 actionum
822 844 940 885 suarum
955 826 1048 885 domi-

44 912 135 971 nium.
182 914 246 973 Sed
275 913 422 990 quidquid
448 925 493 973 est
520 916 560 974 de
587 914 645 973 hac
666 918 750 990 lege,
772 934 829 973 csse
849 916 882 974 de
897 916 981 990 sacto
1004 917 1050 973 sui

44 1004 115 1059 iuni
136 1003 181 1061 ad
197 1004 356 1062 essentiam
371 1003 552 1063 substantiae
574 1006 743 1081 completae
757 1022 822 1062 non
835 1004 973 1080 pertinet,
989 1022 1048 1063 nec

45 1091 168 1150 ostendi
182 1101 284 1168 potest
297 1093 408 1151 rationi
421 1111 590 1169 repugnare
606 1111 671 1152 esse
686 1093 880 1152 substantiam
896 1093 1047 1168 quandam

44 1182 249 1257 completam,
278 1200 356 1257 quae
377 1200 440 1241 non
461 1182 499 1241 sit
519 1182 564 1241 sui
585 1182 663 1240 iuris.
707 1184 746 1240 Et
766 1200 799 1240 re
821 1182 943 1258 quidem
965 1200 1045 1255 vera,

43 1270 100 1328 fide
124 1271 242 1340 edocti,
265 1272 430 1330 secundum
451 1272 620 1346 mysterium
642 1270 864 1342 incarnationis,
887 1270 996 1330 scimus
1015 1272 1046 1329 in

45 1358 166 1417 Christo
187 1360 316 1419 Domino
335 1371 472 1419 naturam
486 1362 648 1420 humanam
669 1378 735 1419 esse
756 1370 892 1418 naturam
913 1362 961 1418 vel
982 1362 1046 1418 sub-

42 1449 189 1507 stantiam
204 1450 386 1526 completam
400 1469 458 1509 nec
472 1460 575 1509 tamen
589 1467 654 1508 esse
669 1449 713 1507 sui
735 1448 805 1508 iuris
826 1450 873 1507 vel
888 1448 1044 1523 suiipsius,

41 1538 95 1597 sed
105 1539 205 1604 Verbi,
221 1539 303 1614 quod
313 1538 465 1598 actionum
475 1550 599 1597 naturae
609 1539 758 1598 humanae
769 1537 935 1596 dominium
945 1537 1044 1595 habet.

102 1628 200 1685 Ratio
227 1646 306 1697 acro,
333 1648 391 1703 quo
409 1630 464 1703 fit,
492 1636 527 1685 ut
545 1629 703 1686 substantia
725 1628 857 1702 completa
884 1628 971 1684 alteri
990 1646 1045 1685 aaa

40 1719 274 1786 conmunicetur,
295 1719 347 1775 scd
362 1720 402 1775 sit
419 1720 466 1775 sui
484 1720 565 1786 iuris,
587 1718 692 1775 dicitur
712 1726 904 1776 subsistentia.

105 1806 283 1866 Substantia
310 1807 442 1882 denique
469 1808 636 1883 completa,
669 1806 791 1881 quando
822 1806 860 1864 de
892 1806 971 1864 facto
1002 1814 1045 1863 est

42 1896 87 1953 sui
109 1896 194 1968 iuris,
217 1896 325 1954 dicitur
346 1897 531 1972 suppositum
552 1897 601 1954 vel
621 1913 759 1971 persona,
784 1904 873 1971 prout
894 1893 1044 1952 intellectu

41 1996 129 2043 caret
149 1986 201 2043 vel
221 1987 337 2044 ratione
359 1984 495 2061 praedita
516 1996 569 2044 est.
613 1985 756 2043 Proinde:

104 2081 300 2146 suppositum
314 2086 372 2133 est:
387 2084 547 2134 substantia
559 2083 704 2132 individua
717 2084 857 2146 completa
870 2090 897 2130 et
909 2082 954 2130 uui
968 2080 1043 2138 iuris,

39 2175 95 2222 sed
115 2173 229 2222 ratione
249 2187 364 2231 careum
391 2183 416 2223 e.
439 2183 467 2240 g.
490 2182 593 2239 equtm,
616 2164 714 2235 arbor,
736 2163 820 2238 lapiS.

106 2265 241 2312 Persona
262 2264 321 2312 est:
350 2263 510 2313 substantia
528 2262 692 2320 individua,
719 2261 873 2324 completa,
899 2260 943 2309 sui
969 2259 1044 2317 iuris,

36 2352 157 2400 ratione
176 2350 318 2414 praedam
340 2360 365 2402 e.
388 2361 416 2418 g.
437 2344 550 2414 Petrus,
574 2343 721 2400 Socrates.

106 2431 288 2490 Notandum
309 2442 354 2490 est
375 2433 562 2508 suppositum
581 2432 630 2490 vel
651 2430 833 2506 hypostasim
855 2446 919 2487 esse
934 2444 1044 2484 nomen

38 2521 225 2596 genericum
246 2521 426 2580 substantiae
448 2521 563 2580 ratione
578 2520 707 2579 carentis
722 2529 752 2577 ct
766 2517 945 2577 substantiae
959 2516 1045 2573 ratio·

39 2611 131 2668 nalis.
175 2611 302 2686 Proprie
322 2628 396 2670 vero
410 2621 440 2668 et
453 2611 518 2669 sine
532 2610 636 2668 addito
651 2609 759 2667 dicitur
773 2608 810 2666 de
832 2607 933 2682 specie
948 2605 1044 2663 minus

41 2701 198 2774 perfecta,
226 2700 301 2758 sicut
320 2717 435 2758 nomen
456 2700 631 2775 genoricum
656 2698 799 2755 «animal»
824 2714 849 2755 e.
873 2715 899 2771 g.
922 2695 1043 2771 proprie

40 2789 156 2847 dicitur
178 2788 217 2847 de
239 2789 361 2847 animali
382 2789 478 2847 bruto,

110 2975 307 3026 Corollarium.
347 2970 393 3026 Ex
420 2968 544 3026 notione
572 2965 716 3042 suppositi
745 2974 774 3022 et
800 2980 946 3039 personae
968 2961 1044 3021 haec

42 3055 185 3114 defluunt
205 3057 370 3115 axiomata:

108 3155 132 3212 Ι.
154 3154 288 3212 Actiones
306 3162 375 3213 sunt
392 3157 606 3231 suppositorum.

109 3252 146 3310 Id
174 3263 234 3324 est,
263 3253 398 3312 actiones
425 3253 592 3311 tribuuntur
612 3251 710 3306 ultimo
737 3245 890 3323 supposito
912 3245 959 3300 vel
979 3259 1043 3316 per-

44 3358 153 3412 sonae,
176 3351 332 3416 tamquam
353 3341 512 3417 principio,
535 3337 617 3412 quod
632 3335 765 3393 actiones
787 3331 874 3390 elicit.
911 3329 959 3385 Sic
974 3345 999 3384 e.
1015 3347 1042 3399 g.
