2350 3700
521 148 754 187 CRITERIOLOGIA.

146 298 252 374 quibus
273 296 312 355 ad
334 298 489 357 veritatem
511 308 540 356 et
561 295 771 355 certitudinem
792 294 939 354 devenire
961 294 1076 370 possit,
1098 294 1147 351 tria
1168 331 1169 344 1

146 388 201 463 ipsi
232 398 299 445 sunt
326 385 521 461 praestanda:
555 406 579 445 1.
605 384 771 443 Generatim
792 384 1023 444 ostendendum
1044 395 1093 442 est
1112 381 1171 439 iri-l

145 478 296 535 tellectum
316 478 480 535 humanum
502 475 712 535 certitudinem
733 474 891 550 acquirere
913 492 1027 550 posse,
1055 474 1170 542 simul-l

146 585 205 641 que
219 564 442 637 declarandum,
458 584 590 640 quanam
604 564 720 623 ratione
735 565 795 622 hoc
809 566 868 623 fiat.
903 584 928 621 2.
954 564 1021 621 Sub
1038 563 1148 621 lumine

147 656 232 713 huius
260 654 440 729 cognitionis
468 654 552 729 quasi
580 652 814 712 fundamentalis
841 652 1056 711 examinanda
1087 664 1149 711 sunt

146 745 259 802 draersa
279 744 370 801 mdia
399 738 523 814 (fontes,
553 739 701 818 criteria),
733 744 841 817 quibus
862 743 902 802 ad
931 742 1149 801 certitudinem

147 833 344 892 obtinendum
365 832 481 902 utimur,
503 833 613 908 idque,
635 845 667 890 ut
688 850 792 891 eorum
813 832 898 890 valor
920 832 1104 891 declaretur
1123 843 1150 889 et

148 922 375 981 demonstretur.
421 942 448 996 3.
471 921 629 997 Denique,
660 932 692 980 ut
719 920 853 997 cognitio
880 921 934 979 illa
962 911 1171 997 perficiatur‚l

148 1011 310 1088 praecipua
338 1030 415 1086 quae
444 1010 525 1069 circa
552 1012 709 1069 veritatem
736 1021 766 1069 et
793 1009 1008 1069 certitudinem
1033 1028 1074 1068 ex
1096 1012 1152 1067 hac

148 1100 285 1159 doctrina
305 1100 452 1176 analytice
481 1111 637 1177 comperta
665 1100 776 1159 luerint
803 1101 963 1171 elementa,
996 1100 1153 1174 syntlzcticc

146 1201 232 1249 erunt
252 1189 438 1265 exponenda.

208 1280 316 1337 Tribus
338 1279 466 1354 proinde
487 1278 635 1355 capitibus

213 1389 236 1427 1.
257 1367 362 1426 Variae
377 1367 542 1426 sententiae
557 1368 638 1425 eirca
652 1367 854 1427 exsistentiam
868 1378 898 1426 et
912 1367 1153 1426 fundamentum

150 1456 333 1515 certitudinis
354 1456 520 1532 generatim
541 1467 730 1533 exponentur
751 1466 781 1515 et
802 1457 1067 1515 examinabuntur.

213 1566 238 1604 2.
261 1546 380 1603 Diversi
401 1545 585 1605 certitudinis
607 1547 706 1604 sontes
726 1545 857 1604 examini
878 1545 1079 1604 subicientur.

212 1654 238 1710 3.
263 1636 408 1692 Doctrina
429 1634 509 1692 circa
522 1635 678 1693 veritatem
699 1644 729 1693 et
743 1634 953 1694 certitudinem
975 1634 1173 1712 synthetice1

151 1733 323 1800 exponetur.

568 1831 678 1891 erur
699 1848 718 1890 1.

191 1956 246 2012 DE
269 1955 407 2012 VARllS
429 1955 547 2029 QUAE
569 1956 696 2014 CIRCA
718 1955 1031 2013 EXSISTENTIAM
1054 1957 1115 2013 ET

240 2052 570 2111 FUNDAMENTUM
592 2053 890 2111 CERTITUDINIS
911 2053 1059 2110 LATAE

445 2150 553 2208 SUNT
574 2150 845 2209 SENTENTIAE.

486 2283 785 2349 ‘Paxauomonas

212 2417 297 2474 Duae
320 2426 385 2473 sunt
400 2415 547 2488 notiones
571 2433 649 2490 quae
671 2416 701 2472 in
722 2416 780 2472 hac
794 2413 927 2473 secunda
940 2424 1030 2489 parte
1054 2417 1156 2473 menti

151 2504 322 2580 saepissime
339 2516 512 2562 occurrunt:
534 2504 619 2564 notio
634 2505 747 2564 scilicet
768 2506 899 2563 iteritatis
912 2514 943 2564 et
963 2504 1055 2563 notio
1070 2508 1155 2563 certi·

151 2596 264 2653 tudinis.
308 2593 441 2667 Quarum
469 2595 626 2652 notionum
654 2595 787 2669 cognitio
815 2596 925 2668 reflexa
953 2595 1071 2654 fructus
1096 2596 1154 2653 erit

152 2703 188 2744 ex
223 2683 313 2760 ipsius
343 2682 427 2740 huius
463 2681 583 2741 criticae
618 2681 753 2759 diligenti
786 2682 884 2741 studio
919 2681 1152 2758 percipiendus.

151 2774 304 2833 Interdum
326 2783 426 2830 tamen
447 2772 574 2830 maxime
589 2771 702 2830 iuvabit
715 2772 848 2829 directam
861 2772 978 2829 illarum
992 2771 1153 2831 rationum

152 2864 307 2922 notionem
328 2862 458 2920 breviter
478 2860 528 2919 hic
550 2862 756 2920 declaravisse.
800 2860 844 2919 Sit
864 2879 937 2935 ergo

211 2973 234 3029 I.
255 2983 298 3029 De
317 2979 431 3028 notione
450 2977 581 3026 veritatis.

212 3069 376 3126 Veritatem
403 3065 453 3122 hic
481 3065 624 3140 primario
649 3065 848 3140 intellegimus
872 3068 1023 3123 veritatem
1057 3071 1154 3141 cogni·

151 3157 244 3222 tionis,
267 3172 344 3226 quae
366 3152 472 3210 dicitur
494 3152 583 3210 etiam
604 3153 711 3211 veritas
734 3155 830 3226 logica.
873 3156 955 3212 Vera
976 3166 1083 3214 autem
1108 3169 1156 3216 est

152 3240 285 3315 cognitio
314 3240 425 3309 omnis,
454 3259 531 3313 quae
560 3252 603 3299 est
629 3242 791 3300 conformis
813 3261 879 3301 cum
909 3261 959 3314 re,
990 3245 1031 3303 ad
1055 3265 1155 3321 quam

153 3328 286 3385 refertur.
332 3326 465 3400 ,Proinde
492 3328 601 3386 veritas
630 3329 729 3404 logica
758 3330 913 3394 definitur:
946 3333 1154 3396 conformitas
