2350 3700
125 138 178 199 738
321 149 359 184 tut
378 148 477 184 CAUSIS
498 148 640 183 surufluls
660 148 757 185 Mutlnt
777 148 927 185 CORPOREI.

122 297 244 355 docent.
285 297 365 354 Nam
388 314 426 357 eo
448 296 516 371 ipso
543 294 704 354 admitumt
731 314 797 355 esse
826 298 1016 367 distantiam,
1047 316 1121 373 quae

123 386 205 443 nullo
217 388 256 443 sit
267 387 403 456 realitas‚·
422 385 527 443 dicunt
547 384 629 443 enim
650 386 728 444 inter
742 385 823 444 entia
839 386 898 457 illa,
922 404 1006 461 quae
1020 398 1121 445 mutuo

123 492 189 535 sese
208 475 358 534 attrahunt
377 484 408 533 et
428 475 585 551 repellunt,
607 476 683 532 nitil
700 476 849 534 exsistere.
886 476 949 534 Sed
971 476 1121 547 distantia,

124 583 202 639 quae
228 565 310 622 nulla
336 564 374 622 sit
400 564 534 635 realitas,
562 574 726 640 repugnat3
754 576 943 623 mensuratur
971 566 1059 624 enim
1083 566 1123 624 di·
1171 616 1172 625 2

123 654 239 724 stantia,
260 653 385 711 nihilum
406 671 478 711 vero
499 654 665 713 mensurari
685 672 751 712 non
770 664 875 729 potest

183 752 355 803 Conclusio:
378 743 585 817 Dynanismus
604 744 760 802 reicientns
780 751 821 801 est
839 751 873 800 nt
888 746 1034 803 sententia
1049 752 1122 804 certo

115 832 212 908 salsa.

384 935 402 1003 fi
422 950 446 986 2.
477 938 651 988 Aestimatur
668 938 848 987 atomismus

330 1083 353 1120 1.
378 1071 418 1120 De
435 1070 562 1119 atonisno
580 1077 687 1120 extremo
705 1072 748 1121 vel
762 1072 907 1121 mechanico.

187 1215 213 1253 1.
234 1194 407 1253 Atomismus
423 1200 566 1252 extremus
581 1201 624 1252 est
641 1194 799 1271 hypothesis
811 1196 917 1263 inanzs,
940 1194 1012 1269 quia
1026 1198 1121 1257 multa
1171 1258 1172 1267 χ

123 1300 242 1355 eorum,
272 1284 311 1343 ad
331 1302 408 1359 quae
429 1284 610 1359 explicanda
630 1283 820 1361 supponitur,
849 1285 932 1343 nullo
953 1285 1050 1343 modo
1073 1303 1121 1344 ex·
1171 1270 1172 1341 i

123 1373 222 1448 plicat.
1171 1352 1172 1387 i

183 1463 254 1521 Non
282 1462 410 1537 explicat
436 1463 648 1538 phaenomena
670 1462 812 1539 psychica
834 1481 997 1539 corporum
1017 1464 1122 1523 viven·
1171 1464 1172 1529 ζ

123 1552 203 1610 tium.
246 1550 391 1611 Actiones
418 1552 499 1610 enim
526 1552 724 1611 immanentes
751 1561 815 1611 toto
840 1570 952 1627 genere
974 1553 1123 1612 differunt
1171 1544 1172 1611 i

123 1661 141 1699 a
161 1641 289 1699 motibus
310 1641 507 1712 mechanicis,
531 1641 583 1716 qui
604 1660 667 1700 non
688 1651 756 1700 sunt
778 1641 835 1699 nisi
856 1652 1064 1713 transeuntes,
1089 1644 1121 1702 id

124 1730 206 1804 quod
227 1732 306 1789 clare
328 1730 485 1805 apparebit
505 1748 543 1789 ex
562 1730 607 1801 iis,
630 1749 707 1806 quae
727 1730 760 1788 in
780 1731 1013 1807 anthropologia
1037 1733 1123 1791 circa
1169 1806 1172 1817 Ι

15 1842 22 1852 ·
123 1830 236 1878 motum
257 1819 376 1878 vitalem
397 1819 629 1880 observabimus

184 1912 220 1967 In
248 1909 423 1985 corporibus
451 1920 550 1970 autem
571 1909 634 1968 sive
655 1910 821 1969 viventibus
849 1911 911 1969 sive
931 1929 996 1970 non
1017 1912 1123 1972 viven-

124 1999 200 2058 tibus
221 2018 283 2057 non
305 1999 448 2076 explicat:

186 2085 214 2163 a)
227 2091 402 2165 finalitatem
416 2090 607 2157 intrinsecam
630 2107 689 2164 qua
705 2088 821 2164 singula
835 2107 965 2164 corpora
978 2091 1121 2165 praedita

125 2190 200 2238 sunt.
242 2181 342 2238 Motus
370 2179 450 2237 enim
478 2178 594 2254 passive
622 2189 760 2254 receptus
786 2178 834 2237 vel
862 2180 975 2239 nullam
1003 2182 1053 2237 vel
1081 2181 1119 2238 ad

125 2287 271 2327 summum
285 2269 481 2327 extrinsecam
496 2277 610 2325 tantum
624 2268 795 2326 finalitatem
811 2268 1023 2327 communicat.
1051 2271 1120 2328 Nec

185 2352 216 2434 b)
237 2377 334 2415 rernm
362 2365 389 2419 tt
414 2359 506 2430 legum
533 2363 702 2415 constantem
730 2363 758 2413 et
783 2363 886 2414 certam
913 2357 1119 2418 AEnersitatenz.

127 2447 248 2507 «Atomi
269 2447 349 2506 enim
371 2457 420 2505 aut
441 2446 574 2505 eiusdem
595 2445 732 2504 dicuntur
753 2445 933 2504 substantiae
952 2457 983 2505 ct
1003 2448 1120 2522 speciei
1171 2465 1172 2546 l

126 2551 155 2598 et
182 2539 335 2598 habebunt
362 2536 492 2595 eundem
519 2546 634 2594 motum
661 2537 841 2605 naturalem,
869 2553 928 2594 nec
955 2537 1016 2594 ulla
1035 2538 1120 2598 mo

126 2628 302 2703 assignatur,
324 2627 404 2684 unde
426 2625 568 2684 mirabilis
589 2624 639 2682 illa
660 2624 797 2683 ordinata
818 2625 1119 2698 otiatus-diversitas,

127 2737 204 2793 quae
225 2717 257 2776 in
277 2716 404 2774 motibus
424 2714 607 2773 naturalibus
628 2713 720 2783 inest;
747 2724 798 2776 alu
812 2713 955 2773 diversae
977 2713 1121 2774 dicuntur

126 2805 306 2865 substantiae
327 2805 488 2880 specieque
510 2803 682 2874 distinom‘e,
704 2813 734 2860 et
755 2804 836 2861 nulla
855 2803 941 2861 huius
962 2803 1056 2878 ipsius
1078 2804 1119 2863 di·
1171 2851 1172 2856 ,

125 2893 270 2956 versitatis
291 2894 366 2953 ratio
384 2895 517 2963 affertur,
539 2911 608 2951 cum
629 2893 710 2950 nulia
730 2891 902 2951 atomismus
922 2903 1019 2968 ponat
1039 2895 1118 2968 prin·
1171 2895 1172 2908 ¹

124 2985 204 3062 cipia
217 2984 363 3054 formalia,
379 2982 513 3057 equibus
528 3001 564 3041 ea
577 2984 638 3041 ullo
653 2981 745 3039 modo
760 2980 871 3040 deduci
880 2981 1005 3057 possit.»
1021 2983 1030 3016 ¹
1051 2985 1118 3042 Nec
1171 3059 1172 3066 ἵ

186 3073 214 3146 c)
236 3079 404 3130 constantem
417 3072 528 3129 ntodnnz
541 3072 657 3140 essendi,
680 3089 770 3145 quem
787 3070 939 3129 communi
960 3071 1118 3130 hominum
1171 3067 1172 3118 i

125 3176 271 3218 consensu
299 3177 427 3232 corpora
453 3158 593 3233 specifice
621 3159 738 3218 diversa
765 3158 937 3218 naturaliter
958 3161 1119 3236 acquirunt
1166 3152 1172 3360 ‘l

1171 3469 1172 3496 l

186 3323 194 3352 ¹
214 3325 253 3372 Cf.
273 3329 347 3374 Pesch
366 3330 382 3376 l.
403 3347 425 3379 c.
444 3333 465 3389 Ι,
486 3344 545 3391 329.
