2350 3700
915 2 1106 30 ·*‘v···.··r*‘··
1125 4 1154 7 .-

148 142 202 194 250
255 144 294 178 DE
314 141 561 177 PROPRIETATlBl'S
582 140 666 176 Extis
686 137 1041 175 TRANSCENDENTALIBUS.

351 286 370 353 ᾖ
391 302 413 337 1.
445 290 490 337 De
509 287 695 337 similitudine
713 294 743 335 et
760 286 942 348 aequalitate.

207 404 238 461 Si
258 405 317 459 late
335 402 459 460 sumitur
479 420 537 459 vox
559 400 774 470 similitudiniS,
797 399 946 473 significat
967 398 1143 456 convenien-

146 492 219 549 tiam
239 492 447 549 distinctorum
468 501 594 565 propter
613 488 803 547 identitatem
823 488 957 563 logicam
978 488 1045 545 sive
1066 505 1144 543 essen·

146 582 242 637 orielem
262 581 324 638 sive
345 580 559 648 occidentalem
585 578 629 635 sic
650 579 756 635 Petrus
776 588 807 634 et
827 578 934 634 Paulus
955 576 1072 634 similes
1092 574 1145 632 dici

147 680 272 743 possunt
291 678 417 743 propter
437 666 625 725 identitatem
647 665 829 741 specificam.

208 757 269 814 Sed
289 776 399 813 exorsu
419 757 607 813 communiore
633 754 795 812 similitudo
815 754 919 829 vigere
941 753 1055 811 dicitur
1075 753 1146 810 inter

148 864 204 917 res,
228 863 305 920 quae
319 846 433 903 habent
446 845 579 919 aliquam
593 844 782 901 identitatem
795 843 926 917 logicam
941 844 1146 899 occr'elentolrm.

208 934 444 1003 Convenieutia,
476 952 554 1008 quae
582 932 677 990 oritur
706 932 785 989 inter
814 934 915 1006 plures
945 950 994 989 res
1027 940 1148 1006 propter

147 1023 333 1080 identitatem
362 1022 494 1096 logicam
523 1021 743 1080 accidentalem
773 1022 994 1095 qualitativam,
1028 1020 1147 1095 proprie

148 1111 255 1169 dicitur
272 1112 441 1178 similitudo·
462 1112 506 1169 sic
524 1128 656 1185 papyrus
678 1110 763 1167 albus
785 1110 888 1167 similis
907 1108 1018 1167 dicitur
1040 1109 1108 1166 nivi.

208 1199 522 1270 Convenieutiavero,
537 1218 615 1273 quae
628 1198 721 1257 oritur
736 1217 773 1256 ex
787 1198 944 1256 identitate
958 1198 1061 1272 logica
1075 1197 1146 1255 acci-

148 1288 260 1347 dentali
281 1290 484 1362 quantitative,
507 1286 630 1363 proprie
645 1287 753 1345 dicitur
767 1288 986 1361 aequivalente.
1025 1287 1076 1344 Sic
1089 1286 1145 1343 duo

148 1376 285 1451 pondera
306 1387 504 1435 centenorum
525 1394 729 1451 grammorum
757 1375 910 1446 dicuntur,
940 1394 1005 1433 nou
1033 1375 1145 1444 similia,

149 1466 173 1523 si
193 1467 293 1524 stricte
313 1465 473 1540 loquimur,
496 1466 550 1524 sed
571 1465 800 1539 aequivalentia.

370 1621 388 1687 ξ
408 1636 432 1672 2.
465 1627 508 1673 De
528 1625 686 1673 differentia
705 1633 734 1673 et
752 1625 924 1673 diversitate.

208 1741 271 1796 Res
292 1738 450 1797 distinctae
470 1749 539 1797 sunt
560 1739 697 1796 diversae
719 1739 767 1795 vel
789 1738 975 1796 differentes.

209 1828 377 1886 Dooorsr'tos
396 1838 441 1887 est
462 1826 622 1898 distinctio,
648 1844 726 1902 quae
747 1826 859 1885 exsistit
880 1826 960 1886 inter
980 1828 1085 1903 plures
1107 1846 1151 1884 res

151 1917 205 1987 ita,
234 1926 265 1973 ut
292 1937 327 1974 ne
349 1935 453 1991 genere
472 1918 583 1992 quodem
606 1919 742 1992 proximo
763 1918 939 1974 conveniant.
985 1917 1037 1974 Sic
1060 1917 1151 1974 homo

151 2015 181 2062 et
200 2005 276 2079 lapis
297 2017 365 2063 sunt
385 2023 432 2063 res
453 2004 599 2063 diversae.

210 2094 392 2166 Dffrentio
413 2104 457 2152 est
471 2093 632 2164 distinctio,
656 2112 734 2170 quae
749 2093 861 2153 exsistit
874 2093 955 2152 inter
970 2112 1019 2152 res
1035 2094 1152 2153 realiter

151 2181 274 2255 quidem
294 2182 371 2240 inter
388 2201 419 2240 se
434 2183 576 2254 diversas
601 2183 655 2241 sed
672 2201 776 2256 genere
791 2185 929 2257 proximo
951 2187 1150 2241 conuenientes.

154 2270 202 2327 Sic
222 2271 313 2327 homo
335 2281 365 2328 et
384 2273 433 2329 leo
455 2271 595 2329 dicuntur
616 2272 799 2331 differentes,

565 2440 677 2497 CAPUT
698 2457 728 2497 11.

496 2563 553 2619 DE
575 2563 799 2620 VERlTATE.

543 2702 712 2751 Anrrcunus
733 2715 751 2751 1.

195 2812 243 2860 DE
262 2813 442 2861 VERlTATE
461 2815 816 2864 TRANSCENDENTALI
834 2815 873 2864 IN
894 2816 937 2866 SE
958 2817 1114 2868 SUMPTA.

393 2941 411 3009 ξ
433 2960 454 2996 1.
488 2947 574 2996 Notio
593 2947 718 2997 veritatis
738 2948 877 2998 evolvitur
887 2947 903 2997 ¹.

213 3057 276 3112 Ens
302 3067 401 3128 potest
428 3061 612 3118 considerari
640 3081 703 3119 non
733 3064 830 3120 solum
857 3063 890 3119 in
918 3062 1029 3121 ordine
1062 3064 1150 3122 adse

154 3140 264 3211 ipsum,
293 3142 456 3203 sedetiam
483 3149 533 3204 sub
555 3150 755 3219 relationibus,
785 3165 857 3224 quas
884 3154 1046 3211 necessario
1076 3153 1151 3211 nobo

217 3289 225 3320 ¹
244 3292 283 3340 Cf.
303 3295 399 3358 Logica
418 3318 443 3362 p.
464 3316 497 3360 9²
517 3310 543 3351 et
562 3317 605 3366 93.
