2350 3700
329 157 367 193 DE
385 157 461 194 ACTU
480 158 518 194 ΕΤ
536 157 575 194 DE
594 157 745 195 POTENTIA.
980 157 1030 208 223

54 305 229 378 quadratus».
278 306 412 363 Vocatur
438 316 537 364 autem
557 305 634 364 haec
662 305 799 380 specialis
829 305 963 380 aptitudo
991 307 1031 364 ad

53 395 239 452 assistendum
267 395 446 470 possibilitas
480 397 633 452 intrinseca
666 395 714 453 vel
744 395 949 469 metaphysica
982 395 1030 453 vel

53 484 181 541 absoluta.

104 579 131 629 2⁰
148 573 315 647 requiritur,
329 583 361 630 ut
369 572 446 630 adsit
455 591 545 631 causa
554 573 727 644 extrinseca,
744 591 821 648 quae
832 573 875 630 illi
884 574 1030 631 actualem

53 663 239 720 exsistentiam
252 663 354 736 largiri
367 663 468 737 possit
511 663 561 719 Sic
575 663 717 738 possibile
732 672 776 720 est
790 663 889 738 plures
903 662 1030 721 mundos

53 753 179 809 exsistere
193 752 315 808 relative
330 751 369 809 ad
383 752 491 822 Deum,
506 770 569 809 non
583 761 682 809 autern
696 753 818 810 relative
832 752 871 809 ad
885 752 1029 810 homines

51 839 127 911 Quae
154 841 278 914 quidem
304 840 439 915 aptitudo
467 841 575 898 dicitur
595 841 776 916 possibilitas
804 843 961 898 extrinseca
982 842 1030 899 vel

47 929 168 987 relativa

99 1019 260 1077 Entitatem
274 1036 346 1076 vero
361 1018 445 1076 huius
459 1019 612 1093 potentiae
627 1020 793 1078 obiectivae
816 1019 898 1094 quod
916 1020 1028 1090 attinet,

43 1124 99 1162 non
113 1107 229 1166 habent
242 1108 364 1183 quidem
379 1108 541 1183 possibilia,
563 1117 595 1165 ut
609 1109 688 1181 talia,
702 1109 868 1166 realitatem
882 1109 1027 1176 actualem,

44 1196 106 1268 quia
126 1197 167 1254 ab
189 1197 358 1254 exsistentia
372 1197 479 1254 actuali
493 1197 723 1272 praescindunt3
745 1208 812 1254 sunt
831 1207 932 1254 tamen
953 1198 1029 1254 entia

43 1286 136 1354 realia,
161 1286 232 1359 quia
252 1286 284 1342 in
298 1303 330 1343 se
344 1285 457 1343 habent
470 1285 592 1360 aliquid,
616 1304 676 1360 quo
691 1286 831 1343 differunt
851 1305 869 1342 a
884 1286 976 1343 nihilo
997 1286 1028 1342 in

42 1373 142 1432 ordine
159 1374 368 1445 exsistentium,
384 1385 452 1433 sunt
465 1375 578 1450 aliquid
593 1375 623 1432 in
639 1375 744 1432 ordine
760 1374 799 1432 ad
814 1373 1028 1447 exsistendum3

33 1473 66 1519 et
83 1463 158 1521 illud
180 1463 293 1538 aliquid
314 1474 366 1533 est,
387 1465 465 1538 quad
482 1464 615 1520 exsistere
629 1470 755 1539 possunt.
799 1463 929 1521 Mundus
950 1481 975 1521 e.
998 1482 1026 1538 g.

40 1562 197 1627 antequam
213 1552 275 1624 suit,
290 1572 346 1610 nan
360 1560 425 1610 erat
437 1555 550 1611 manino
559 1553 692 1623 nihilum,
708 1553 762 1611 sed
776 1563 889 1610 tantum
904 1553 1027 1610 nihilum

39 1641 65 1697 in
79 1641 188 1699 ordine
203 1659 302 1699 rerum
316 1643 483 1713 actualium,
505 1642 560 1698 fuit
580 1651 679 1699 autem
693 1641 806 1716 aliquid
821 1643 851 1698 in
866 1642 973 1700 ordine
987 1642 1026 1699 ad

39 1729 253 1789 exsistendum:
270 1732 367 1805 patuit
385 1732 526 1788 exsistere.

94 1821 186 1879 Clare
208 1830 306 1879 autem
326 1820 462 1879 videmus
481 1820 554 1879 illud
573 1838 677 1896 sposse
692 1820 860 1890 exsistere»,
882 1820 1025 1878 mundum

38 1928 61 1967 e.
75 1929 103 1985 g.
118 1928 210 1985 posse
225 1910 373 1982 exsistere,
395 1910 509 1968 nullum
522 1910 660 1968 habuisse
682 1910 796 1968 initium
816 1928 916 1985 neque
935 1911 1024 1968 ullum

37 1999 203 2057 habiturum
232 2016 297 2057 esse
325 2001 416 2057 finem
444 2009 475 2057 et
496 2000 624 2074 proinde
652 2017 716 2057 esse
745 2010 898 2057 aeternum
926 2009 955 2057 et
976 2000 1026 2057 im·

36 2089 185 2158 mutabile,
201 2089 273 2145 item
286 2106 348 2146 non
363 2106 428 2147 esse
443 2087 618 2146 indifferens
633 2107 715 2146 exse
734 2088 774 2146 ad
787 2088 860 2146 illud
874 2088 1024 2164 possibile,

35 2176 73 2233 ita
100 2188 133 2234 ut
154 2176 396 2252 independenter
416 2178 455 2235 ab
477 2178 559 2234 omni
587 2177 766 2235 condicione
789 2194 825 2236 ex
851 2195 882 2235 se
904 2178 940 2235 sit
961 2195 1026 2253 pos·

34 2266 129 2338 sibile,
152 2276 182 2323 et
201 2266 330 2340 proinde
351 2266 459 2324 dicitur
480 2266 614 2323 absolute
634 2267 835 2324 necessarium
848 2268 864 2325 ¹.

94 2357 134 2412 ΙΙ.
165 2364 288 2426 Species
311 2363 507 2426 possibilitatis
535 2364 719 2413 declarantur.
760 2358 805 2413 Ex
835 2355 900 2431 ipsa
934 2355 1025 2430 possi·

33 2444 155 2502 bilitatis
173 2444 297 2502 notione
319 2444 471 2502 declarata
492 2445 551 2502 iam
572 2444 680 2502 scimus
699 2444 923 2519 possibilitatem
938 2462 1026 2519 gene-

33 2534 121 2590 ratim
141 2532 236 2591 dividi
253 2534 284 2589 in
298 2533 523 2608 possibilitatem
544 2534 736 2591 intrinsecam
751 2543 781 2591 et
801 2533 1026 2608 possibilitatem

33 2623 243 2680 extrinsecam.

95 2712 274 2769 Passibilitas
300 2712 453 2769 intrinseca
481 2706 696 2786 (metaphysica
723 2712 770 2769 vel
792 2705 937 2784 absoluta)
966 2722 1024 2771 est:

32 2803 177 2875 capacitas
197 2800 240 2856 ad
260 2801 448 2858 exultandum
472 2807 538 2857 arta
558 2818 595 2857 ex
614 2801 676 2858 sala
696 2807 829 2857 natarum
850 2802 897 2859 vel
915 2802 1026 2858 elemen-

32 2896 128 2945 torum
157 2889 340 2946 sociabilitatc
367 2890 416 2947 vel
443 2890 663 2947 convenientia.
707 2890 762 2947 Cui
788 2890 948 2965 opponitur
976 2891 1027 2947 im-

32 2978 216 3052 possibilitas
230 2978 392 3036 intrinseca
413 2973 471 3053 (vel
486 2977 689 3053 metaphysica
703 2979 751 3036 vel
771 2974 925 3053 absoluta),
949 2998 1026 3053 quae

96 3187 105 3217 ¹
123 3188 262 3236 Rationem
280 3204 340 3236 vero
359 3187 473 3236 ultimam
492 3188 531 3237 vel
550 3189 740 3235 fundamentum
758 3188 849 3235 horum
865 3188 1026 3253 possibilium

32 3284 87 3317 esse
106 3269 202 3326 Deum,
228 3284 259 3315 ex
277 3268 390 3315 dicendis
410 3268 435 3315 in
455 3266 585 3329 theologia
604 3266 710 3314 naturali
730 3266 911 3331 intellegemus.
931 3292 965 3301 -—
986 3269 1025 3315 Cf.

32 3348 134 3396 dehac
155 3363 197 3396 re:
218 3348 300 3405 Pesch,
321 3348 382 3395 Inst.
402 3346 454 3410 log.
474 3346 522 3404 ΙΙΙ,
546 3358 602 3392 ror.
627 3356 683 3392 111.
707 3357 764 3392 112.
