2350 3700
282 165 320 200 DE
340 163 529 201 OPPOSITIONE
549 163 791 202 PROPOSITIONUM.
997 167 1030 213 49

101 311 172 368 Non
200 312 296 386 agitur
323 312 372 371 hic
400 311 528 387 proinde
556 311 595 370 de
623 313 792 370 diversitate
814 314 891 370 inter
920 333 1029 388 propo·

23 399 163 458 sitiones
184 401 331 460 habentes
354 401 472 460 diversa
499 400 633 459 subiecta
659 401 706 459 vel
734 401 851 459 diversa
877 403 1025 472 attributa,

22 489 142 562 quoad
157 490 469 566 comprehensionem,
491 491 595 565 quales
609 500 709 549 essent
722 491 943 565 propositiones
958 509 983 549 e.
998 510 1026 566 g.

28 579 192 636 «Ioannes
219 589 265 637 est
291 579 500 655 philosophus,
532 580 635 638 Petrus
655 597 718 637 non
739 589 784 637 est
803 579 1026 656 philosophus»,

23 697 79 706 -
103 669 228 726 «Petrus
248 679 293 726 est
313 668 465 744 prodigus,
487 668 590 726 Petrus
612 678 656 726 est
676 686 809 726 avarus».

98 758 139 814 Π.
163 767 290 830 Species.
327 758 447 832 Duplex
468 756 635 832 generatim
656 755 843 832 distinguitur
870 757 1030 836 oppositio

26 844 197 904 nimirum:
220 845 342 922 proprie
364 847 445 905 dicta
465 845 615 922 oppositio
637 855 667 905 et
687 845 851 924 improprie
872 846 961 905 dicta.

101 955 127 992 1.
162 935 305 1012 Oppositro
327 937 447 1012 proprie
474 935 548 992 dicta
575 946 635 994 est:
667 934 821 994 diversitas
850 935 927 994 inter
957 935 1031 995 duas

30 1023 263 1099 propositiones
283 1025 365 1097 talis,
387 1034 419 1082 ut
440 1025 532 1083 altera
552 1025 695 1093 affirmet,
724 1025 817 1083 altera
836 1034 927 1100 neget
947 1024 1028 1084 idern

34 1112 76 1171 de
99 1113 220 1171 eodem.
243 1143 283 1152 -
306 1115 376 1171 Hac
397 1112 587 1189 oppositione
610 1113 766 1188 oppositae
788 1123 868 1171 sunt:

97 1197 127 1276 a)
161 1202 386 1279 Propositiones
407 1201 655 1270 contradictoriae,
686 1220 764 1277 quae
785 1212 852 1260 sunt
872 1202 944 1260 duae
958 1211 1027 1279 pro

28 1292 205 1365 positiones,
235 1293 329 1349 altera
348 1292 507 1368 affirmans
527 1293 621 1350 ultera
641 1310 764 1365 negans,
792 1311 914 1366 quarum
935 1291 1031 1350 altera

36 1387 132 1437 tanuen
161 1380 196 1437 id
221 1387 332 1438 tanturn
359 1381 496 1456 affirmat
521 1382 569 1439 vel
593 1388 693 1453 negat,
721 1381 799 1455 quod
822 1381 916 1438 stricte
939 1383 1029 1456 requi·

36 1470 117 1525 rutur
137 1476 167 1526 et
184 1468 296 1544 sufficit
314 1470 356 1527 ad
378 1471 499 1528 alteram
526 1471 711 1529 coemendam.
754 1471 835 1527 Inter
861 1469 1028 1528 huiusmodi

35 1557 263 1634 propositiones
304 1559 384 1617 nulla
425 1558 592 1636 propositio
632 1558 760 1618 inveniri
796 1568 895 1634 potest
929 1558 1030 1628 media,

36 1665 116 1721 quae
140 1646 255 1706 scilicet
275 1667 346 1706 vera
367 1666 432 1707 esse
453 1648 560 1723 possit,
589 1648 659 1706 dum
681 1648 788 1706 ambae
810 1658 908 1707 essent
929 1648 1028 1706 falsae.

35 1737 174 1810 Quando
202 1736 298 1812 agitur
325 1737 363 1796 de
389 1736 642 1813 propositionibus
669 1736 907 1795 contradictoriis
937 1739 1030 1812 singu·

34 1827 165 1895 loribus,
195 1836 266 1886 tunc
287 1826 441 1887 diversitas
462 1825 594 1886 consistit
614 1837 728 1887 tantum
749 1825 780 1885 in
806 1827 944 1903 qualitate
963 1825 1031 1901 for·

33 1935 108 1974 mae.
154 1915 276 1974 Dicenti
311 1935 336 1975 e.
367 1935 395 1992 g.
435 1918 554 1976 «Petrus
588 1927 633 1975 est
662 1916 884 1993 philosophus»,
916 1927 1032 1975 contra-

34 2005 140 2064 dices:
175 2006 296 2064 «Petrus
326 2025 388 2064 non
419 2016 462 2065 est
491 2006 713 2083 philosophus.»
767 2005 898 2079 Quando
932 2017 1031 2065 autem

33 2112 101 2153 non
131 2094 229 2170 agitur
258 2094 297 2154 de
326 2094 579 2172 propositionibus
609 2095 819 2171 singularibus,
852 2106 923 2154 tunc
953 2094 1030 2154 duae

35 2183 263 2259 propositiones
291 2196 320 2242 et
339 2186 477 2261 qualitate
503 2185 618 2243 formae
646 2195 676 2242 et
701 2187 860 2260 quantitate
888 2185 1030 2243 materiae

36 2272 191 2331 differunt.
235 2272 298 2331 Sint
327 2275 403 2333 haec
425 2275 576 2350 exempla:
612 2273 725 2332 «omnis
756 2274 846 2333 homo
874 2284 918 2333 est
938 2273 1031 2350 philo-

36 2364 180 2437 sophus»,
197 2363 400 2422 contradices:
423 2363 546 2440 «aliquis
559 2363 651 2421 homo
665 2381 727 2421 non
742 2375 786 2422 est
800 2364 1031 2439 philosophus»;

40 2452 158 2509 «nullus
178 2452 271 2509 homo
298 2451 449 2524 moritur»,
479 2452 682 2512 contradices:
715 2451 837 2527 «aliquis
857 2453 949 2511 homo
970 2469 1030 2509 mo-

39 2540 145 2598 ritus».

101 2623 134 2702 b)
156 2630 380 2706 Propositiones
400 2632 573 2699 samariae,
596 2647 673 2706 quae
695 2643 761 2689 sunt
781 2632 853 2688 duae
873 2632 920 2688 uel
931 2631 1031 2706 plures

34 2720 253 2795 propositiones,
274 2721 335 2777 alia
355 2719 512 2795 affirmans
533 2721 593 2777 alia
614 2738 729 2793 negans,
750 2739 872 2795 quarum
893 2739 951 2776 una
962 2719 1031 2794 plus

40 2807 182 2883 affirmat
207 2810 254 2867 orl
277 2815 377 2882 negat,
404 2828 489 2885 quarn
517 2810 676 2884 requiritur
702 2816 730 2865 et
755 2808 865 2884 sufficit
883 2809 926 2865 od
942 2808 1030 2865 olium

42 2897 227 2955 evertendam.
270 2899 351 2956 Inter
378 2898 451 2956 duas
478 2898 646 2956 huiusmodi
671 2898 891 2973 propositiones
911 2914 1030 2971 semper

43 2985 172 3061 proinde
193 2985 319 3045 inveniri
340 2997 437 3063 potest
458 2987 598 3045 medium.
641 2988 675 3044 E.
698 3006 726 3061 g.
752 3004 874 3044 «omnes
894 2985 1030 3044 homines

44 3085 111 3134 sunt
131 3074 337 3150 philosophi»,
367 3074 448 3133 cuius
470 3075 620 3133 contraria
641 3086 699 3134 est:
734 3076 846 3133 «nullus
874 3076 965 3133 homo
986 3085 1031 3133 est

45 3164 266 3241 philosophus».
296 3165 413 3223 Ambae
428 3175 495 3223 sunt
509 3165 618 3237 falsae3
641 3164 806 3240 propositio
827 3183 899 3222 vero
920 3163 1028 3231 media,

47 3264 75 3311 et
95 3252 145 3311 illa
165 3253 287 3329 quidem
307 3271 394 3323 vera,
426 3264 470 3311 est
490 3271 515 3311 e.
538 3267 582 3327 g.:
615 3252 737 3326 «aliquis
758 3252 849 3308 homo
872 3260 916 3307 est
937 3249 1030 3322 philo·

48 3343 184 3417 sophus».

99 3444 293 3495 Reinstadler,
309 3444 378 3484 Elem.
395 3443 473 3493 philos.
490 3442 557 3483 schol.
854 3445 870 3488 4
