2350 3700
295 180 334 215 DE
354 179 544 216 OPPOSITIONE
563 179 807 218 PROPOSITIONUM.
1009 183 1038 235 §1

66 343 85 406 ξ
106 355 131 392 2.
169 345 337 393 Relationes
357 345 539 403 declarantur,
559 359 632 406 quas
650 347 859 409 propositiones
879 349 1024 412 oppositae

173 425 280 474 habent
298 425 370 474 inter
388 439 420 474 se
439 426 535 486 quoad
553 425 700 475 veritatem
719 434 747 476 et
765 428 924 477 falsitatem.

113 547 334 605 Iroenotameo.
357 577 396 586 -
414 548 457 606 Ut
471 547 584 606 facilius
598 547 794 625 perspiciatur
807 550 916 609 veritas
930 568 1042 625 eorum,

49 653 133 709 quae
154 637 236 694 circa
256 647 370 695 mutuas
392 635 551 695 relationes
571 636 809 714 propositionum
838 640 1043 715 oppositarum

50 733 122 782 sunt
143 724 336 797 stabilienda,
367 724 547 801 principium
569 726 723 801 quoddam
749 726 878 804 primum
906 730 1044 789 omnibus

50 815 114 872 iam
135 811 364 874 notummente
386 825 430 874 est
456 816 676 890 revocandum3
707 818 789 891 quod
817 818 938 893 quidem
966 819 1045 895 prin·

51 903 169 979 cipium
186 915 309 963 vocatur
323 903 504 981 principium
518 904 745 963 contradictionis
759 917 789 964 et
803 907 971 966 enuntiatur
984 909 1043 967 hoc

52 993 164 1052 modo:
193 995 272 1052 Idem
294 1013 352 1052 non
372 1000 467 1070 potest
492 995 579 1052 arnul
604 1013 661 1052 csse
687 1002 715 1052 et
740 1015 798 1053 non
819 1014 882 1056 esse.
925 999 973 1057 De
994 1018 1043 1057 na·

53 1094 119 1141 tura
141 1093 172 1142 et
191 1084 316 1143 veritate
336 1084 421 1142 huius
442 1082 582 1160 principii
602 1103 640 1143 ex
659 1085 796 1160 professo
817 1103 916 1145 sermo
937 1087 993 1146 erit
1012 1087 1043 1145 in

55 1173 212 1248 ontologia
235 1183 265 1231 et
292 1172 500 1248 criteriologia.
544 1173 605 1231 Sed
633 1173 780 1249 quidquid
807 1185 853 1234 est
877 1176 915 1235 de
944 1176 1044 1252 cogni·

55 1262 136 1320 tione
158 1263 222 1321 eius
243 1262 390 1338 explicita,
412 1261 520 1321 veritas
541 1263 604 1320 eius
618 1262 755 1321 omnibus
769 1263 939 1324 hominibus
953 1283 1043 1325 sanae

56 1351 164 1410 mentis
185 1350 317 1410 evidenti
338 1351 443 1410 intuitu
464 1362 496 1410 ut
515 1351 695 1411 inconcussa
714 1354 794 1412 clare
815 1365 948 1430 apparet.

115 1443 189 1499 Hoc
211 1459 283 1516 ergo
297 1439 446 1517 principio
461 1440 579 1499 interim
594 1451 626 1499 ut
638 1459 711 1500 vero
725 1441 863 1515 admisso,
886 1455 1045 1519 sequentes

55 1529 209 1588 statuimus
230 1530 445 1589 conclusiones

115 1631 139 1687 I.
163 1628 253 1687 Circa
273 1627 493 1704 propositiones
513 1630 753 1689 contradictorios.

119 1748 145 1786 1.
175 1727 265 1785 Duae
278 1728 487 1803 propositiones
506 1728 740 1786 contradictoriae
760 1748 817 1787 non
836 1736 960 1805 possunt
987 1748 1044 1788 esse

54 1817 144 1875 simul
161 1835 254 1877 verae.
290 1819 410 1877 Etenim
431 1816 522 1887 idem,
544 1827 576 1875 ut
597 1836 686 1894 supra
706 1816 841 1891 diximus,
863 1837 926 1878 non
946 1829 1044 1895 potest

54 1906 143 1965 simul
164 1924 230 1966 esse
251 1917 281 1966 et
300 1927 364 1967 non
385 1925 458 1967 esse.

117 2004 178 2063 Sed
200 2004 226 2064 si
245 2004 322 2065 duae
343 2005 564 2081 propositiones
580 2006 831 2065 contradictoriae
846 2016 944 2065 essent
957 2008 1043 2065 simul

53 2110 161 2166 verae,
190 2094 273 2153 idem
300 2094 386 2154 simul
413 2105 514 2170 posset
534 2112 600 2155 esse
621 2104 651 2153 et
670 2112 732 2154 non
754 2113 827 2155 esse.
870 2096 909 2153 Et
928 2114 962 2155 re
983 2096 1044 2171 qui·

52 2184 125 2242 dem
146 2202 228 2256 vera,

114 2277 143 2357 a)
167 2282 198 2341 Si
218 2283 440 2359 propositiones
460 2284 567 2343 ambae
584 2283 747 2359 singulares
760 2293 828 2343 sunt
841 2295 872 2343 et
885 2283 1042 2361 simplices,

51 2390 102 2430 res
124 2381 171 2430 est
192 2372 324 2431 evidens.

114 2464 146 2544 b)
176 2468 309 2543 Quando
335 2488 407 2529 vero
423 2472 554 2539 alterius
582 2469 795 2547 propositionis
817 2470 959 2547 simplicis
979 2472 1044 2530 sub·

52 2559 165 2617 iectum
186 2557 353 2619 universale
375 2572 426 2633 est,
449 2559 567 2619 alterius
587 2577 661 2618 vero
675 2561 861 2635 particulare,
882 2570 954 2618 tunc
968 2560 1044 2618 affir-

52 2649 147 2707 matio
170 2658 200 2707 et
220 2649 341 2724 negatio
362 2649 450 2714 unius
469 2660 500 2708 et
519 2649 654 2709 eiusdem
674 2650 839 2726 praedicati
859 2667 922 2707 non
936 2650 968 2707 fit
981 2648 1043 2724 qui·

53 2737 126 2795 dem
148 2738 250 2812 quoad
270 2738 372 2797 omnia
392 2738 534 2798 inferiora
555 2738 680 2798 subiecti
701 2738 912 2815 propositionis
929 2737 1044 2796 univer·

54 2826 132 2899 salis,
155 2838 287 2886 attamen
308 2829 409 2903 quoad
430 2829 530 2904 aliqua
550 2829 598 2886 vel
619 2828 749 2904 aliquod.
780 2827 828 2886 Fit
848 2828 928 2886 enim
942 2826 1043 2902 quoad

53 2916 318 2975 indeterminatum
338 2917 411 2977 illud
432 2917 603 2977 subiectum
618 2916 831 2994 propositionis
849 2915 1042 2992 particularis,

55 3006 138 3081 quod
160 3016 243 3065 certo
265 3008 434 3066 continetur
454 3008 485 3065 in
504 3007 679 3066 extensione
693 3006 818 3066 subiecti
832 3004 1044 3082 propositionis

55 3094 237 3154 universalis.
280 3098 361 3171 Ergo
387 3114 424 3155 ex
451 3097 509 3154 hac
535 3107 620 3172 parte
642 3097 723 3155 idem
744 3095 830 3155 simul
850 3106 951 3172 posset
978 3112 1043 3153 esse

56 3195 86 3243 et
105 3204 170 3243 non
191 3202 265 3244 esse.

115 3278 144 3357 c)
166 3285 202 3341 In
223 3282 478 3359 propositionibus
499 3293 598 3341 autem
618 3281 791 3356 compositis
805 3298 852 3337 res
867 3278 974 3336 eadem
988 3276 1045 3335 evi·

56 3372 158 3431 dentia
172 3383 299 3448 apparet
312 3372 515 3431 consideranti
530 3372 638 3445 cuique
653 3371 745 3427 altera
758 3386 796 3425 ex
809 3362 1045 3423 contradictoriis

842 3473 859 3519 4
868 3460 882 3489 fl
