2350 3700
115 140 164 187 104
484 136 719 173 currumoxocm.

171 286 320 361 Imprimis
351 305 369 343 a
399 284 627 343 formalitatibus
661 283 717 342 illis
754 283 924 342 subiectivis
954 282 1125 358 originem
1158 285 1164 348 l

110 376 222 435 ducunt
249 375 404 451 praeclara
434 373 485 431 illa
514 372 627 431 iudicia
656 373 838 448 «synthetica
865 393 884 430 a
911 371 1054 448 priori»,
1089 371 1124 427 in

110 465 217 541 quibus
252 473 346 522 totam
376 482 459 522 suam
495 462 663 521 doctrinam
692 461 869 520 solidissima
904 462 1122 519 fundamenta
1172 515 1174 552 Ι

108 554 220 613 habere
242 552 369 611 Kantius
397 552 553 611 arbitratus
580 562 632 611 est
683 552 819 626 Quorum
845 551 1032 609 iudiciorum
1062 569 1121 608 na·
1172 561 1174 582 ¹

109 653 204 701 turam
225 642 266 701 ita
285 642 423 719 explicat,
444 650 476 700 ut
496 641 528 699 in
548 640 620 718 ipsis
644 640 830 699 «necessaria
844 640 1015 717 praedicati
1037 660 1119 699 eum

108 734 242 791 subiecto
263 732 390 791 conexio
410 749 510 806 neque
531 730 701 790 immediate
723 748 760 789 ex
773 741 934 807 perspecta
946 730 1118 805 utriusque

108 820 317 879 convenientia
344 829 558 896 cognoscatur,
586 837 686 895 neque
707 819 838 878 mediate
865 838 920 895 per
941 819 1116 878 ratiocinia
1172 863 1174 894 ,

108 928 208 985 neque
229 928 284 987 per
305 911 395 968 ullam
409 908 632 985 experientiam,
654 908 708 967 sed
722 926 815 967 caeca
834 908 872 980 vi,
895 928 975 985 quae
990 908 1115 967 rationi

108 1000 211 1064 innata
231 1001 267 1059 sit
288 1010 318 1059 et
332 998 545 1058 antecedenter
567 999 606 1057 ad
621 1016 741 1057 omnem
756 998 975 1073 experientiam
996 1017 1114 1057 secun·

108 1088 179 1147 dum
201 1090 299 1165 legem
321 1107 393 1165 pure
416 1088 610 1147 subiectivam
630 1087 706 1145 baec
727 1086 836 1145 iudicia
856 1089 984 1147 formet»
1000 1090 1019 1147 ¹.

166 1186 280 1246 Iudicia
301 1188 382 1246 enim
402 1206 455 1245 sua
476 1186 577 1245 omnia
599 1186 726 1244 Kantius
747 1186 867 1245 dividit:

168 1280 196 1361 a)
218 1286 249 1343 in
271 1285 418 1362 analytica
438 1295 468 1344 et
489 1284 669 1361 synthetiea:

165 1384 318 1459 Analytica
345 1394 433 1442 vocat
462 1401 498 1442 ea
528 1383 630 1442 omnia
656 1393 686 1441 et
712 1384 791 1453 sola,
822 1401 949 1458 quorum
981 1384 1107 1458 praedi-

106 1483 205 1532 catum
227 1474 257 1532 in
279 1474 412 1532 subiecto
433 1473 474 1531 ita
495 1472 672 1544 continetur,
693 1482 726 1530 ut
746 1491 783 1531 ex
803 1474 868 1530 sola
881 1473 1009 1530 subiecti
1029 1492 1107 1530 ana·
1172 1535 1174 1538 ,

105 1562 159 1637 lysi
176 1562 206 1620 in
221 1561 286 1638 ipso
301 1562 400 1638 detegi
415 1562 515 1638 possit.
545 1564 580 1619 E.
597 1577 641 1637 g:
659 1581 695 1619 «a
711 1584 746 1608 =
763 1580 817 1636 a»3
833 1562 886 1620 vel
900 1562 1001 1632 etiam,
1016 1562 1104 1619 iuxta
1172 1577 1174 1583 ’

104 1652 215 1726 ipsum:
242 1652 361 1710 «omnia
381 1670 509 1727 corpora
530 1661 598 1710 sunt
618 1660 769 1709 extensa».

164 1750 334 1824 Synthetica,
350 1769 386 1808 ea
396 1749 507 1823 omnia,
522 1748 670 1824 inquibus
684 1748 768 1807 notio
783 1748 947 1824 praedicati
957 1758 1004 1807 est
1013 1760 1104 1808 extra

103 1839 257 1898 notionem
279 1838 411 1899 subiecti.
446 1841 481 1898 E.
504 1858 531 1914 g.
557 1838 677 1897 «omnia
697 1858 825 1915 corpora
846 1847 914 1897 sunt
941 1840 1066 1914 gravia»
1080 1840 1101 1899 ².

104 2044 157 2092 und
175 2061 217 2092 um
236 2046 314 2093 deren
333 2044 418 2092 willeri
438 2060 465 2093 er
484 2044 547 2092 auch
567 2061 616 2092 nur
634 2044 676 2092 ein
694 2043 778 2092 reiner
795 2044 921 2092 Verstand
940 2044 986 2102 ist;
1009 2044 1103 2091 indem

103 2141 131 2172 er
149 2125 228 2172 durch
248 2125 284 2173 sie
304 2125 379 2173 allein
399 2133 475 2173 etwas
494 2125 536 2172 bei
552 2125 610 2172 dem
624 2125 837 2189 Mannigfaltigen
857 2125 902 2172 der
917 2124 1104 2189 Auschauung

102 2205 251 2265 verstehen,
279 2206 303 2254 d.
324 2205 340 2252 i.
360 2205 402 2253 ein
422 2204 519 2269 Objekt
537 2205 673 2255 derselben
692 2205 795 2252 denken
813 2205 897 2252 kann»
920 2201 950 2266 (1.
971 2221 992 2254 e.
1014 2222 1040 2269 p.
1064 2214 1101 2264 79
1172 2192 1174 2201 ’

103 2281 147 2348 [96
172 2281 239 2348 sq.]).
286 2284 324 2333 Ex
357 2285 395 2332 his
421 2285 556 2334 duodecim
582 2285 669 2333 formis
697 2285 831 2349 primitivis
858 2284 968 2332 Kantius
997 2285 1101 2333 ibidem

104 2363 141 2429 (p.
158 2376 191 2426 79
212 2361 279 2428 [97])
300 2365 361 2412 alias
380 2366 479 2426 formas,
500 2366 568 2429 ipsas
587 2381 687 2430 quoque
707 2381 783 2429 puras
795 2362 822 2428 (i.
837 2379 859 2413 e.
872 2380 965 2413 vacuas
977 2365 1011 2412 ab
1024 2365 1100 2413 omni

102 2447 236 2505 elemento,
256 2446 325 2510 quod
344 2461 374 2494 ex
393 2445 549 2509 experientia
568 2445 684 2493 haustum
702 2461 758 2493 esse
777 2441 884 2509 possit),
903 2445 997 2493 deduci
1017 2461 1099 2511 posse

102 2526 244 2586 contendit,
261 2542 322 2590 quas
333 2527 436 2589 fcrrmas
448 2525 560 2576 deductas
572 2523 752 2590 (rabgeleitete
764 2523 905 2590 Begriffe»)
917 2532 993 2575 vocat
1008 2541 1098 2590 «prae-
1172 2564 1173 2585 3

102 2605 245 2656 dicabilia».
284 2606 415 2654 Eiusmodi
434 2606 557 2667 rationes,
578 2607 646 2654 iuxta
665 2605 761 2670 ipsum,
781 2614 840 2654 sunt
858 2621 880 2654 e.
900 2623 925 2670 g.
949 2606 1097 2670 «praedica-

101 2685 177 2733 bilia»
200 2687 306 2736 actionis
325 2694 350 2735 et
368 2685 503 2752 passionis,
524 2702 588 2750 quae
608 2703 639 2734 ex
658 2686 785 2751 categoria
804 2685 963 2745 causalitatis‚
983 2694 1009 2734 et
1022 2703 1096 2750 prae-

101 2767 219 2815 dicabilia
237 2766 396 2815 mutationis:
416 2766 482 2826 fieri,
503 2767 633 2825 desinere,
660 2783 724 2831 quae
743 2783 774 2814 ex
792 2767 920 2830 categoria
938 2767 1095 2816 modalitatis
1142 2788 1145 2793 ·

104 2847 247 2896 «deducit».
274 2847 403 2908 Quantum
422 2855 504 2895 autem
524 2847 587 2896 haec
606 2863 621 2894 a
633 2846 727 2895 Kantio
746 2855 796 2894 tam
815 2847 930 2895 abstruse
949 2848 1095 2912 excogitata

100 2927 283 2990 praedicabilia
310 2936 336 2976 et
363 2926 420 2976 illae
449 2927 581 2976 duodecim
607 2928 640 2975 ab
665 2927 721 2991 ipso
746 2927 864 2976 inventae
889 2927 1033 2993 categoriae
1059 2929 1092 2976 ab

101 3007 260 3057 aristotelicis
279 3007 492 3072 praedicamentis
511 3016 536 3056 et
554 3007 769 3072 praedicabilibus
788 3007 920 3069 differant,
949 3024 1024 3056 nemo
1044 3018 1090 3069 est,

100 3087 143 3149 qui
162 3103 213 3133 non
232 3088 323 3135 videat.

164 3161 171 3192 ¹
191 3165 267 3212 Pescla
285 3180 327 3227 op.
348 3165 390 3213 cit.
410 3166 518 3230 11,356.
545 3167 620 3215 Conf.
640 3166 715 3214 etiam
728 3168 811 3226 Fn'ck,
830 3167 928 3231 Logica
946 3184 971 3232 p.
986 3180 1037 3222 202
1051 3185 1088 3233 sq.

162 3238 172 3268 2
195 3242 238 3287 «ln
258 3240 324 3288 allen
343 3242 464 3302 Urteilen,
484 3245 616 3293 woriunen
636 3247 681 3293 das
699 3245 845 3294 Verhbltnis
864 3247 934 3296 eines
954 3247 1089 3311 Subjektes

100 3333 155 3366 zum
174 3318 309 3366 Priidikate
335 3321 445 3381 gedaeht
464 3323 538 3381 wird,
565 3324 598 3372 ist
624 3325 707 3374 dieses
726 3326 876 3392 Verhiiltnis
897 3328 942 3376 auf
964 3328 1087 3377 zweierlei
