2350 3700
138 104 187 152 116
509 115 745 153 cnrrnnronocm.

133 263 256 324 iectivus
274 264 507 323 ratiocinationis
522 266 584 323 eius
599 265 721 323 relative
735 264 775 322 ad
788 264 935 322 rationem
948 262 1131 339 practicam.

136 353 309 429 «Quidquid
324 354 405 413 enirn
419 354 457 411 ab
470 354 527 411 hac
541 354 657 413 ratione
671 352 804 429 practica
817 352 998 429 concipitur,
1016 353 1133 427 abipsa

133 442 241 501 mentis
256 442 466 501 constitutione
480 443 612 518 pendet,
632 442 657 501 si
670 442 759 517 igitur
773 460 858 500 mens
871 442 931 500 alio
945 442 1051 499 modo
1066 459 1133 499 con-

133 533 231 591 stituta
247 532 357 603 fuisset,
374 532 449 590 ratio
463 532 596 607 practica
617 550 664 591 res
681 532 766 589 aliter
784 530 983 605 concepisset.
1018 531 1132 589 Omnia

132 621 244 681 deinde
265 620 432 693 ratiocinia,
462 639 539 697 quae
566 620 760 691 adhibentur,
789 619 851 679 sive
872 619 911 678 ad
931 620 1133 695 probandum

133 711 347 786 obligationem
381 712 526 769 moralem
561 727 732 786 supponere
762 709 930 768 libertatem
954 710 1130 781 voluntatis,

132 800 194 859 sive
215 801 254 858 ad
275 800 464 875 probandum
485 799 659 859 exercitium
678 798 822 857 libertatis
849 818 918 856 curn
945 799 1062 857 merito
1084 810 1133 855 aut

133 890 279 948 demerito
300 890 491 948 coniunctum
512 900 586 961 esse,
615 888 778 947 innituntur
798 888 830 945 in
849 887 1017 964 principiis
1041 906 1130 963 quae,
1156 881 1158 944 l

133 998 201 1038 cum
220 979 277 1037 sint
295 978 417 1037 rationis
431 978 622 1048 theoreticae,
637 978 803 1036 secundum
816 977 989 1035 doctrinam
1003 977 1132 1035 Kantia·
1156 973 1158 982 '

133 1089 211 1139 narn,
231 1070 342 1127 nullam
358 1067 397 1126 de
411 1067 477 1126 ullis
492 1068 581 1126 rebus
597 1066 806 1125 certitudinem
820 1067 940 1125 efficere
955 1068 1130 1142 possunt.»¹
1156 1103 1158 1106 -

192 1153 224 1232 b)
246 1159 391 1216 Probatur
411 1158 593 1232 experiemia.
622 1156 726 1215 Kantii
750 1155 831 1214 enim
852 1155 992 1232 discipuli
1010 1151 1129 1230 (Fichte

134 1264 159 1305 e.
175 1241 216 1322 g.)
238 1264 275 1305 ex
288 1245 421 1321 magistri
435 1244 590 1321 principiis
604 1246 813 1303 conclusiones
827 1245 926 1321 logice
940 1245 1129 1305 deducendo

133 1335 302 1394 inciderunt
315 1336 346 1393 in
360 1335 554 1406 idealismum,
571 1334 622 1409 qui
637 1335 676 1393 ad
686 1336 910 1410 'scepticismum
923 1335 1128 1395 universalem

133 1424 359 1483 ineluctabiliter
394 1424 483 1483 ducit.
514 1424 575 1483 Sed
605 1426 643 1483 de
671 1425 730 1483 hac
756 1442 789 1484 re
816 1426 901 1500 plura
929 1424 1070 1483 dicemus
1097 1424 1129 1481 in

132 1513 483 1589 criteriologiaspeciali.

194 1637 254 1712 Qui
275 1638 314 1696 de
335 1636 494 1696 criticismo
515 1636 620 1695 Kantii
641 1635 823 1712 cogitaverit,
846 1638 894 1694 vix
914 1654 978 1695 non
1001 1636 1125 1694 Lutheri
1156 1677 1157 1694 r

137 1725 428 1785 «Reformationem»
452 1726 629 1785 meminerit.
660 1725 822 1801 Utriusque
836 1726 917 1784 enim
931 1726 1071 1784 activitas
1085 1737 1125 1783 to

133 1825 163 1874 ta
177 1816 208 1874 in
228 1816 412 1874 destructione
433 1825 496 1874 erat
516 1814 621 1891 posita.
664 1816 810 1874 Lutherus
831 1814 1002 1874 Ecclesiam
1025 1814 1126 1875 catho
1156 1884 1157 1891 ἵ

132 1906 236 1976 licam,
265 1905 353 1964 totius
374 1904 555 1963 auctoritatis
576 1905 730 1976 columen,
760 1915 893 1964 evertere
914 1916 1044 1964 conatus
1072 1914 1123 1975 est,
1156 1914 1157 1981 ζ

132 2005 164 2052 ut
185 2013 254 2054 suae
276 1993 419 2053 voluntati
444 1993 545 2051 omnia
572 1993 734 2052 subiceret:
769 1994 896 2053 Kantius
923 2014 976 2053 sua
1005 1995 1124 2053 ratione

133 2083 279 2142 rationem
289 2085 422 2142 omnium
435 2082 708 2140 hominumvanam
722 2093 752 2141 et
766 2084 903 2142 fallacem
912 2102 976 2143 esse
991 2084 1123 2160 superbe

133 2173 304 2233 declaravit.
327 2188 329 2192 ’
353 2173 407 2231 llle
436 2173 620 2230 voluntatem
651 2181 733 2230 motu
762 2175 915 2230 necessario
942 2174 980 2232 ad
1010 2175 1122 2232 malum

133 2262 257 2322 tendere
288 2263 404 2320 docuit:
434 2261 483 2319 hic
504 2260 651 2319 rationem
672 2260 895 2334 inevitabiliter,
926 2262 1122 2321 inclinatione

132 2351 259 2409 naturali
280 2361 309 2410 et
330 2350 511 2421 necessaria,
546 2349 577 2407 in
599 2349 780 2425 sophismata
800 2350 933 2410 incidere
955 2353 1122 2411 contendit.

133 2441 278 2499 Lutherus
300 2439 437 2497 doctrina
455 2456 506 2497 sua
526 2438 664 2498 omnibus
679 2438 888 2515 cupiditatibus
906 2441 1020 2499 remisit
1034 2442 1122 2499 habe-

132 2549 195 2601 nas,
218 2540 248 2588 et
268 2529 311 2588 sic
328 2531 510 2586 voluntatem
531 2528 562 2585 in
583 2527 778 2587 sensualitatis
799 2530 939 2604 paludem
960 2529 1121 2589 immersit:
1156 2536 1157 2561 ³

133 2619 268 2690 Kantius,
291 2618 494 2694 metaphysica
514 2618 626 2676 reiecta
640 2628 670 2676 et
682 2618 834 2694 despecta,
857 2618 1003 2677 rationem
1019 2639 1041 2677 a
1055 2639 1121 2679 con·
1156 2642 1157 2695 ς

132 2708 326 2783 templatione
345 2725 443 2766 rerum
458 2706 730 2782 suprasensibilium
743 2707 921 2765 abstractam
941 2707 974 2765 in
994 2707 1122 2766 intuitio
1156 2706 1157 2765 j

132 2797 219 2855 nibus
238 2795 388 2871 empiricis
401 2795 563 2854 coarctavit
577 2806 608 2854 et
620 2795 779 2854 hebetavit.
809 2796 923 2855 Contra
936 2814 1013 2872 quos
1028 2798 1123 2873 philo-

132 2885 237 2960 sophia
257 2886 433 2945 seholastica
461 2887 515 2944 sub
540 2885 676 2944 custodia
695 2885 850 2943 Ecclesiae
871 2885 981 2944 Christi
1002 2897 1121 2946 strenue
1156 2874 1157 2931 Ῐ

133 2973 290 3032 decertans
316 2975 498 3033 intellectum
520 2983 549 3032 et
569 2975 752 3032 voluntatem
778 2974 864 3049 erigit
890 2993 1011 3050 semper
1033 2975 1121 3034 etad
1156 3034 1158 3082 γ

133 3061 301 3138 spiritualia,
318 3074 447 3135 aeterna,
461 3063 656 3122 immutabilia
669 3063 763 3122 libere
778 3063 966 3138 inquirenda,
989 3077 1121 3124 contem·

132 3151 252 3226 planda,
275 3153 413 3222 amanda,
434 3153 503 3211 totis
523 3152 635 3210 viribus
655 3149 768 3210 incitat.
1156 3162 1157 3173 ³

195 3307 203 3337 ¹
222 3309 305 3366 Pesclz,
325 3310 387 3356 Inst.
408 3309 457 3372 log.
478 3311 510 3368 Π,
532 3310 591 3369 364.

299 3557 338 3586 A}
