2350 3700
345 169 383 204 DE
403 168 569 205 CRITICISMO
589 168 749 205 KANTIANO.
992 166 1040 217 107

104 317 154 373 Ex
170 316 217 375 his
228 318 367 375 omnibus
377 316 505 375 Kantius
519 316 673 375 concludit
686 316 866 375 activitatern
876 317 1043 375 intellectus

38 404 141 462 nostri
163 424 229 464 non
250 406 361 464 habere
376 406 508 465 valorem
523 404 713 477 obiectivum,
734 406 791 464 nisi
808 406 996 465 contineatur
1009 406 1042 463 in

41 494 156 553 ordine
172 496 453 571 phaenomenorum
470 496 700 570 cognoscendo:
723 495 762 553 de
783 495 939 553 noumenis
959 513 1041 565 vero,

41 583 60 639 i.
85 601 114 641 e.
138 584 181 643 de
208 583 298 642 rebus
326 593 358 642 ut
386 595 453 643 sunt
473 584 505 641 in
526 601 573 656 se,
602 583 675 641 nihil
695 583 784 643 nobis
804 586 843 643 ab
864 583 930 660 ipso
951 583 1042 641 mani·

43 673 150 731 lestari
166 674 184 731 ¹.

109 782 139 837 3.
169 764 207 820 In
235 764 347 819 ratione
373 762 505 837 denique
534 763 715 821 elementum
742 762 895 821 materiale
916 762 1044 820 Kantius

45 851 122 911 dicit
143 870 211 910 esse
233 862 397 927 conceptus
417 853 465 910 vel
486 850 597 909 iudicia
623 853 662 910 ab
684 851 837 911 intellectu
864 852 992 910 formata
1013 861 1044 910 et

46 942 88 998 ad
102 941 252 999 unitatem
267 941 420 1017 quandam
434 942 550 999 ratione
565 940 755 1015 reducenda3
776 942 955 1000 elementum
970 958 1044 999 vero

49 1031 179 1089 formale
201 1030 329 1089 inveniri
351 1030 381 1088 in
396 1030 488 1089 tribus
509 1032 616 1089 normis
631 1030 807 1106 quibusdam
828 1033 916 1088 menti
927 1032 1044 1099 innatis,

51 1138 125 1195 quas
146 1122 227 1177 ideas
253 1129 356 1185 vocat:
386 1119 454 1179 idea
482 1119 596 1178 scilicet
625 1120 716 1196 ipsius
743 1139 793 1193 ego
820 1120 1044 1196 psychologica,

51 1209 119 1267 idea
140 1210 244 1267 mundi
263 1208 475 1284 cosmologica,
497 1208 566 1268 idea
586 1210 650 1266 Dei
668 1208 846 1285 theologica.

110 1298 382 1372 Quemadmodum
396 1298 476 1357 enim
487 1298 658 1374 categoriae
672 1308 739 1357 sunt
748 1316 874 1357 normae
884 1298 1043 1374 quaedam,

52 1388 220 1447 secundum
242 1406 315 1463 quas
336 1388 500 1446 formantur
521 1398 687 1463 conceptus
699 1389 793 1447 nostri
814 1400 845 1448 et
864 1388 982 1458 iudicia,
1004 1389 1045 1445 ita

55 1476 179 1536 «ideae»
204 1477 272 1536 illae
294 1487 361 1535 sunt
375 1495 499 1535 normae
520 1488 551 1537 et
564 1476 769 1549 condiciones,
792 1478 957 1537 secundum
971 1495 1046 1553 quas

54 1568 226 1625 formantur
246 1568 404 1624 ratiocinia.

116 1658 201 1714 ‹Iam
221 1673 293 1714 vero
314 1655 421 1731 triplex
442 1655 605 1714 secundum
620 1657 764 1715 Kantium
783 1666 827 1715 est
847 1656 1045 1715 ratiocinandi

52 1745 178 1805 modus:

114 1828 143 1910 a)
179 1833 399 1894 «Ratiocinium
419 1836 611 1910 categoricum,
632 1834 766 1894 innixum
787 1835 957 1911 categoriae
978 1835 1043 1894 sub·

52 1925 181 1984 stantiae
211 1935 241 1984 et
269 1925 448 1997 accidentiS,
478 1924 560 1984 ducit
588 1925 626 1983 ad
654 1925 776 2000 aliquod
803 1925 967 1984 subiectum
993 1926 1043 1983 ab·

53 2081 209 2145 Erfahrung,
229 2096 395 2145 angemessen
409 2077 440 2144 (l)
460 2081 491 2129 ist
509 2081 663 2146 gleichwohl
681 2081 739 2129 eine
758 2080 844 2129 solche
857 2081 1040 2146 Behauptung»

53 2159 80 2224 (¹-
102 2177 125 2210 c·
146 2177 174 2225 1³·
196 2174 244 2221 114
265 2156 328 2224 [134
346 2156 416 2224 sul)-

118 2241 284 2305 «Kategoricn
303 2241 360 2288 sind
378 2241 502 2306 Begriffe,
522 2241 619 2290 welche
638 2241 688 2290 den
707 2241 931 2306 Erscheinungen,
955 2241 1044 2289 mithin

53 2322 99 2369 der
118 2321 210 2381 Natur,
233 2320 269 2369 als
289 2321 346 2368 dem
365 2321 503 2385 Inbegriffe
522 2321 567 2369 der
586 2320 798 2386 Erscheinungen
817 2319 917 2385 (natura
934 2321 1045 2369 materia-

53 2402 110 2450 liter
129 2397 256 2466 spectata)
276 2401 383 2449 Gesetze
403 2417 418 2448 a
435 2401 512 2465 priori
530 2401 727 2450 vorschreiben»
751 2399 825 2465 (ibid.
845 2419 871 2466 p.
893 2412 943 2465 754
963 2397 1044 2466 [680].

10 2541 12 2554 .
53 2483 93 2532 Cf.
115 2483 201 2545 Braig
216 2481 233 2530 l.
253 2498 276 2531 c.
295 2497 320 2544 p.
343 2493 392 2541 124
412 2479 473 2546 sq.).
513 2509 515 2513 ·

116 2559 125 2592 ¹
149 2562 274 2610 «Hieraus
299 2577 351 2610 nun
376 2561 452 2610 flielst
477 2562 699 2621 unwiderrussich,
727 2562 782 2610 dass
807 2562 850 2609 die
873 2563 961 2610 reineri
985 2562 1046 2609 Ver-

52 2641 268 2706 standesbegriffe
288 2642 391 2690 niemals
405 2659 456 2690 von
470 2642 724 2702 transcendentalem,
743 2643 855 2691 sondern
865 2643 987 2707 jederzeit
998 2657 1046 2690 nur

51 2739 104 2771 von
123 2722 302 2787 empirischem
322 2721 459 2773 Gebrauch
478 2724 531 2772 sein
549 2723 662 2785 konnen,
682 2724 736 2773 und
754 2724 810 2772 dass
829 2723 871 2771 die
886 2723 1045 2772 Grundsfitze

53 2805 99 2852 des
118 2803 209 2852 reineri
229 2803 384 2852 Verstandes
403 2819 450 2851 nur
469 2804 493 2852 in
513 2803 661 2869 Beziehung
679 2805 724 2852 auf
746 2803 788 2852 die
814 2803 982 2868 allgemeinen
1000 2804 1046 2851 Be-

53 2885 206 2950 dingungen
225 2883 296 2931 einer
314 2882 459 2949 moglichen
473 2883 625 2949 Erfahrung‚
645 2886 690 2933 auf
700 2884 882 2949 Gegenstinde
901 2884 947 2931 der
959 2884 1045 2942 sione,

54 2963 162 3013 niemals
182 2963 244 3012 aber
263 2963 307 3012 auf
320 2963 405 3028 Dinge
424 2964 568 3029 uberhaupt
585 2965 701 3029 bezogen
720 2964 822 3013 werden
841 2962 960 3012 konnen»
976 2961 1003 3026 (l.
1024 2978 1045 3012 c.

53 3062 77 3109 p.
100 3057 154 3104 204
174 3039 271 3108 [229]).
308 3044 372 3092 Item
391 3060 416 3108 p.
437 3055 487 3108 235
507 3041 600 3109 (258):
632 3046 695 3094 «Die
713 3044 797 3093 Kritilr
816 3044 861 3092 des
880 3045 967 3093 reinen
986 3044 1046 3092 Ver-

54 3124 158 3174 standes
185 3123 286 3172 erlaubt
309 3139 336 3172 es
362 3123 415 3172 also
441 3125 527 3186 nicht,
553 3125 608 3174 sich
633 3126 676 3173 ein
697 3141 775 3173 neues
794 3125 859 3173 Feld
876 3141 927 3173 von
947 3125 1047 3189 Gegan-

54 3206 180 3264 stinden,
209 3203 292 3252 ausser
318 3204 416 3264 denen,
444 3205 485 3252 die
511 3205 562 3253 ihm
589 3206 626 3253 als
648 3205 858 3267 Erscheinungen
882 3204 1047 3251 vorkommeu

54 3287 168 3346 konnen,
190 3301 221 3332 zu
240 3283 353 3332 schaffen
368 3285 422 3332 und
435 3285 461 3332 in
474 3284 641 3348 intelligibele
652 3283 764 3343 Welten,
784 3299 860 3346 sogar
872 3282 942 3330 nicht
954 3280 1048 3329 einmal

54 3369 79 3414 in
99 3366 174 3414 ihren
194 3363 300 3430 Begriff,
320 3363 557 3414 auszuschweisen.»
