2350 3700
156 117 207 166 282
529 128 568 165 oa
587 128 766 165 carnoonus.

214 277 245 333 in
272 277 399 345 essendo,
429 276 447 334 i.
477 294 503 335 e.
532 276 704 352 supervenit
730 275 913 336 substantiae
940 287 1033 353 prout
1061 277 1148 334 habet

153 384 209 424 esse
230 361 451 442 (perfectiones)
473 365 637 426 secundum
659 366 790 425 debitam
809 367 858 425 vel
878 366 1049 425 indebitam
1072 385 1151 424 men-

153 474 251 513 suram
273 454 493 531 disponendum
515 449 636 531 (sanitas
656 456 705 514 vel
726 449 911 531 aegritudo);

213 544 245 602 in
258 545 409 620 operando,
431 545 450 601 i.
467 563 493 604 e.
509 554 599 620 prout
618 545 709 605 habet
728 547 804 603 airas
825 545 994 604 secundum
1016 544 1150 604 debitam

154 635 201 692 vel
222 633 385 692 indebitam
406 652 575 693 mensiuam
594 633 799 709 disponendas
814 629 962 710 (potentia
984 634 1150 709 operativa,

153 732 224 798 puta
240 714 429 797 intellectus).

537 823 600 890 §a
632 824 758 891 Species.

214 948 378 1022 Qualitates
399 949 526 1026 duplicis
545 949 664 1025 generis
683 950 901 1025 distinguuntur
915 950 1088 1008 secundum
1103 948 1151 1006 du·

153 1036 262 1112 plicem
283 1040 372 1097 finem
394 1039 568 1097 definitione
588 1040 705 1097 Alberti
726 1039 831 1115 Magni
850 1038 1028 1097 indicatum.
1070 1038 1151 1095 Divi·

153 1126 262 1185 duntur
282 1127 362 1185 enim
383 1128 414 1185 in
435 1128 601 1187 entitativas
622 1137 652 1200 et
669 1128 846 1204 operativas.

213 1219 236 1273 I.
259 1217 423 1290 Qualitates
443 1220 607 1276 entitataoae
621 1218 687 1277 illae
702 1228 777 1289 sunt,
798 1236 871 1293 quaa
885 1218 1023 1293 complent
1041 1224 1071 1273 et
1084 1226 1153 1293 per

144 1307 252 1381 ficiunt
269 1307 454 1365 substantiam
473 1309 505 1364 in
525 1307 644 1365 essendo.
686 1298 780 1366 Tales
797 1317 879 1367 sunt:

217 1417 241 1454 1.
269 1397 397 1454 Habitus
422 1399 600 1466 entitatiuus,
627 1397 679 1471 qui
699 1396 850 1457 definiunt:
880 1398 1007 1473 qualitas
1027 1397 1150 1462 stabilis,

153 1486 300 1545 sesnandum
319 1487 484 1561 quambene
503 1488 551 1544 ael
567 1487 641 1543 mala
660 1504 689 1544 sa
709 1487 793 1544 dabat
810 1487 958 1544 saluatum
982 1487 1015 1543 iu
1035 1503 1067 1542 se
1082 1487 1150 1560 ipso.

153 1576 284 1634 Dicitur:

213 1665 336 1734 stabilis,
371 1666 389 1722 i.
421 1683 446 1723 e.
476 1665 596 1723 difficile
626 1665 760 1737 mobilis,
797 1664 866 1741 quia
898 1664 1026 1739 qualitas
1059 1665 1150 1721 facile

154 1753 319 1813 amovibilis
340 1774 358 1812 a
378 1754 520 1826 subiecto,
542 1754 707 1813 secundum
729 1772 818 1829 quam
840 1772 887 1813 res
899 1754 978 1813 bene
1001 1755 1054 1811 vel
1069 1755 1150 1811 male

153 1862 185 1903 se
206 1845 296 1904 habet
309 1845 339 1902 in
354 1863 386 1904 se
401 1844 473 1920 ipsa,
493 1844 601 1904 dicitur
614 1844 757 1921 dispositio
769 1846 817 1904 vel
837 1844 1031 1920 indispositio:
1054 1844 1158 1936 aegri-q

152 1934 225 1992 tudo
247 1951 272 1993 e.
295 1953 323 2010 g.
1156 1969 1157 2044 p

213 2025 244 2081 in
263 2042 292 2081 sa
311 2026 386 2100 ipso,
416 2025 485 2099 quia
512 2024 629 2082 habitus
657 2023 824 2083 entitativus
851 2022 1026 2082 immediate
1057 2022 1151 2081 afficit

154 2131 218 2171 esse
241 2112 298 2171 rei:
322 2113 386 2172 talis
407 2123 450 2171 est
471 2132 497 2172 e.
519 2132 547 2189 g.
570 2114 680 2172 sanitas
700 2114 748 2172 vel
769 2113 899 2184 morbus,
921 2123 959 2184 et,
981 2113 1015 2169 in
1038 2113 1155 2192 ordine

154 2204 377 2277 supernaturali,
399 2204 493 2278 gratia
514 2203 709 2262 sanctificans.
1154 2195 1155 2264 l

216 2312 241 2349 2.
264 2293 373 2350 Forma
393 2293 441 2350 vel
459 2294 573 2368 figura,
596 2310 673 2367 quae
694 2303 752 2351 est:
781 2293 906 2368 qualitas
919 2293 1100 2368 proveniens
1120 2295 1154 2374 int

154 2383 311 2439 substantia
330 2391 464 2458 corporea
477 2400 513 2440 ex
526 2382 704 2458 dispositione
711 2385 843 2458 partium
856 2383 1036 2457 quantitatis.
1069 2383 1105 2439 E.
1121 2399 1153 2482 gp

154 2472 246 2546 figura
266 2470 403 2529 hominis.
434 2472 535 2530 Voces
549 2472 663 2530 formae
686 2481 715 2530 et
735 2473 846 2547 figmae
868 2489 958 2548 saepe
973 2472 1152 2547 promiscue,

154 2559 345 2633 adhibentur,
359 2578 584 2636 nonnumquam
599 2571 699 2620 tamen
708 2560 869 2637 specialem
883 2560 1019 2636 singulae
1034 2539 1152 2619 habent*

155 2649 409 2725 significationem.
439 2649 488 2708 Sic
506 2651 620 2709 «forma
634 2650 732 2726 potius
745 2661 895 2726 spectatur
902 2651 1027 2727 physice,
1043 2651 1063 2708 i.
1081 2668 1107 2708 e.
1118 2643 1151 2707 utl

154 2750 199 2797 est
218 2738 249 2797 in
264 2739 396 2798 subiecto
417 2741 544 2798 naturali
565 2757 601 2799 ex
623 2739 872 2798 determinatione
888 2749 1032 2814 naturae3
1051 2740 1150 2814 figurat

154 2829 251 2904 potius
265 2839 414 2905 spectatur
426 2831 644 2901 mathematice,
659 2829 677 2888 i.
690 2847 716 2888 e.
726 2839 758 2887 ut
772 2829 856 2900 inest,
872 2846 927 2904 per
937 2828 1149 2920 quantitatemp

155 2920 242 2977 rebus
267 2920 484 2977 mathematicis»
499 2921 515 2977 ¹.
563 2919 742 2994 Triangulus
763 2936 790 2976 e.
812 2937 840 2994 g.
863 2928 1014 2994 spectatus
1036 2919 1141 2976 mathe

154 3007 262 3067 matice
290 3007 397 3067 dicitur
423 3010 533 3084 figura,
561 3009 615 3069 sed
640 3027 687 3069 res
715 3009 746 3067 in
773 3018 879 3066 natura
906 3007 1085 3067 exsistentes
1107 3007 1141 3064 di·

155 3108 259 3155 cuntur
280 3098 391 3156 habere
413 3099 540 3157 formam
560 3098 707 3174 trianguli,
731 3097 876 3173 quadrati,
899 3097 1003 3155 circuli
1027 3108 1084 3156 etc.
1146 3063 1147 3140 l

219 3303 227 3331 ¹
246 3306 327 3361 Frick,
347 3307 433 3355 Ontol.
453 3325 478 3370 p.
502 3322 557 3369 143.
