2350 3700
183 162 223 197 DE
242 161 369 199 ACTIONE
387 162 424 199 ET
443 163 482 198 DE
502 162 638 199 PASSIONE
658 162 721 198 SIVE
740 163 778 198 DE
798 162 904 199 CAUSIS.
990 159 1039 213 295

48 310 122 367 Cum
152 308 249 380 enim,
279 309 358 367 iuxta
379 311 490 385 dogma
510 310 596 382 fidei,
625 312 716 368 Filius
737 330 755 368 a
775 312 862 368 Patre
884 310 1037 386 procedat,

48 399 128 455 nulla
150 409 250 457 autem
272 398 349 457 inter
370 400 489 457 Patrem
510 410 540 457 et
560 399 668 457 Filium
689 399 828 475 prioritas
849 410 971 458 naturae
993 400 1042 457 ad-

49 487 122 545 mitti
144 487 246 563 possit,
270 488 403 562 theologi
416 489 535 547 Patrem
555 488 735 563 principium
757 488 879 562 quidem
894 488 960 546 Filii
977 506 1042 547 esse

49 587 77 633 et
97 576 160 634 dici
180 594 270 652 posse
292 578 486 648 contendunt,
509 596 572 635 non
593 588 692 635 autem
714 597 833 636 causam
855 578 930 636 Filii.

107 667 230 725 Praeter
251 666 436 742 prioritatem
457 677 581 725 naturae
602 668 779 743 plerumque
795 666 884 725 etiam
905 667 1043 743 prioritas

49 758 181 830 temporit
200 755 351 814 invenitur
369 756 447 814 inter
461 775 581 815 causam
603 767 633 815 et
654 757 801 815 effectum.
831 756 888 827 Sic,
910 756 942 813 in
963 775 1042 815 crea·

49 844 134 914 turis,
164 855 251 920 pater
271 864 334 903 non
356 846 451 903 solum
472 855 592 916 natura,
618 845 671 903 sed
693 845 782 903 etiam
804 856 939 921 tempore
960 846 1042 921 prior

49 944 91 991 est
108 952 200 1009 quam
222 934 306 993 filius
338 936 391 993 Est
412 945 511 993 autem
532 936 608 993 haec
630 934 766 1010 prioritas
788 935 989 1009 intellegenda
1004 935 1041 993 de

48 1041 138 1081 causa
159 1024 350 1081 materialiter
369 1034 494 1099 sumpta,
516 1040 579 1082 non
596 1023 767 1095 formaliter,
789 1034 878 1099 prout
897 1022 1041 1082 relatione

16 1137 17 1183 l
50 1112 229 1170 causalitatis
251 1112 385 1171 afficitur.
425 1112 579 1171 «Relativa
601 1112 681 1170 enim
702 1123 769 1171 sunt
790 1112 892 1171 simul»
911 1107 949 1187 (p.
963 1107 1040 1189 292).

108 1203 153 1260 Ut
167 1212 266 1260 autem
281 1202 356 1260 haec
371 1202 409 1261 de
423 1202 578 1278 prioritate
593 1201 730 1260 doctrina
745 1213 825 1260 recte
846 1202 1041 1277 intellegatur,

49 1290 218 1349 notandum
239 1301 298 1349 est:

109 1400 135 1438 1.
168 1381 289 1456 Duplex
314 1380 479 1455 generatim
502 1380 690 1455 distinguitur
718 1380 870 1456 prioritas:
902 1378 1041 1455 prioritas

48 1469 175 1528 rationis
196 1479 227 1527 et
249 1468 386 1544 prioritas
408 1468 503 1527 realis.

16 1560 18 1629 ἶ
107 1558 252 1616 Prioritas
275 1560 396 1616 rationis
418 1560 465 1616 vel
488 1559 579 1631 logica
602 1576 638 1617 ea
661 1569 720 1630 est,
750 1576 827 1632 quae
848 1576 911 1616 non
932 1556 1041 1615 exsistit

16 1637 17 1731 p
48 1648 79 1704 in
101 1648 193 1705 rebus
214 1648 340 1718 realiter,
362 1648 416 1706 sed
435 1658 569 1706 anostro
593 1647 785 1723 concipiendi
805 1648 898 1704 modo
919 1645 1039 1722 pendet.

16 1739 17 1776 ³
48 1736 200 1793 Definitur
214 1752 301 1794 vero:
323 1736 471 1811 prioritas
489 1755 566 1811 quae
581 1736 625 1795 rei
639 1735 812 1806 attribuitur,
834 1754 920 1809 quae,
941 1754 1041 1810 quam·

48 1827 92 1884 vis
113 1842 216 1900 neque
237 1835 342 1883 natura
362 1844 462 1900 neque
483 1836 620 1901 tempore
641 1827 763 1884 alteram
784 1824 954 1900 praecedat,
978 1825 1040 1882 fun·

48 1917 225 1974 dementum
245 1926 346 1973 tamen
370 1917 511 1991 praebet,
539 1925 572 1973 ut
598 1915 761 1974 secundum
789 1925 922 1972 nostrum
943 1913 1041 1972 conci·

47 2004 154 2080 piendi
168 2004 291 2062 modum
306 2005 389 2080 prior
403 2007 494 2064 altera
509 2005 663 2081 cogitetur.
689 2006 761 2062 Hoc
775 2004 867 2062 modo
882 2004 1039 2062 essentiam

48 2093 183 2153 divinam
207 2094 339 2169 priorem
361 2111 426 2152 esse
448 2095 581 2152 dicemus
602 2093 709 2152 diviuis
730 2092 883 2150 attributis.

108 2183 251 2240 Prioritas
279 2184 366 2240 realis
393 2201 431 2240 ea
458 2194 518 2251 est,
547 2200 625 2258 quae
653 2193 697 2240 est
724 2182 755 2240 in
780 2182 869 2240 rebus
897 2181 1039 2257 indepen-

47 2270 158 2330 denter
172 2290 190 2329 a
203 2281 307 2330 nostro
321 2272 515 2347 concipiendi
528 2273 629 2330 modo.
659 2272 777 2346 Duplex
791 2269 965 2347 praesertim
980 2280 1037 2328 est:

108 2355 137 2436 a)
153 2360 294 2419 Prioritas
309 2363 456 2436 temporis:
470 2380 506 2419 ea
521 2370 574 2432 est,
591 2379 668 2435 quae
683 2360 827 2437 competit
841 2360 883 2417 rei
896 2370 1039 2434 quatenus

44 2450 170 2521 exsistit,
193 2451 285 2508 altera
306 2449 441 2508 nondum
463 2451 630 2509 exsistente.
662 2449 743 2507 Talis
760 2448 896 2524 prioritas
911 2459 954 2507 est
968 2466 993 2506 e.
1009 2465 1037 2522 g.

44 2539 126 2598 inter
147 2541 181 2596 B.
203 2540 323 2597 Petrum
344 2548 375 2596 et
395 2540 530 2598 Leonem
551 2541 634 2596 XIII.

107 2621 141 2703 b)
163 2628 304 2687 Prioritas
324 2636 446 2686 naturae
467 2630 515 2687 vel
530 2627 718 2686 causalitatis:
741 2647 778 2686 ea
792 2638 843 2698 est,
868 2645 944 2701 quae
960 2643 1039 2684 com-

47 2717 125 2793 petit
156 2716 199 2775 rei
227 2727 373 2792 quatenus
402 2717 524 2776 abelus
547 2717 716 2776 exsistentia
737 2717 850 2792 pendet
871 2714 1039 2774 exsistentia

44 2807 178 2864 alterius.
226 2807 307 2865 Talis
335 2807 473 2882 prioritas
501 2817 546 2865 est
572 2807 604 2864 in
632 2805 788 2876 creaturis,
820 2805 897 2863 inter
923 2815 1037 2881 patrem

46 2908 77 2954 et
99 2895 202 2953 filium.

110 3007 136 3043 2.
161 2984 211 3042 Ad
225 2984 376 3060 duplicem
390 3003 464 3043 vcro
477 2985 559 3043 illam
580 2983 738 3060 prioritatis
752 2982 885 3058 speciem
906 2980 1038 3055 theologi

43 3077 178 3133 afferunt
205 3073 320 3131 tertiam
344 3073 543 3149 prioritatem,
574 3092 664 3148 quam
688 3073 880 3148 «prioritatem
901 3071 1035 3143 originis»

41 3174 173 3222 vocant:
196 3181 232 3221 ea
246 3173 298 3234 est,
322 3181 400 3237 quae
414 3163 558 3238 competit
572 3161 641 3234 enti,
664 3179 756 3236 aquo
774 3161 886 3234 aliquid
902 3156 1038 3236 procedit

42 3254 111 3311 sine
126 3253 187 3310 ulla
201 3251 370 3327 prioritate,
395 3270 494 3326 neque
508 3262 631 3308 naturae
645 3266 745 3322 neque
759 3249 916 3322 temporis:
941 3246 1037 3315 «origo

42 3345 106 3400 siae
120 3343 305 3417 prioritate».
337 3342 426 3398 Haec
446 3351 545 3398 autem
566 3337 702 3414 prioritas
723 3353 785 3392 non
806 3335 862 3392 nisi
882 3335 958 3391 inter
978 3341 1037 3388 tres
