2350 3700
261 167 405 202 DlVERSAE
425 166 608 202 SENTENTIAE
628 168 841 205 AESlelANTUR.
993 163 1043 217 377
1128 138 1133 143 ἱ

50 323 193 385 stremus,
216 333 286 372 cum
308 333 345 373 ex
366 314 529 389 triangulo,
552 314 655 373 addito
677 316 771 373 altero
791 314 954 391 triangulo,
976 335 1045 392 qua·

51 404 138 461 drata
158 406 255 478 figura
275 406 322 473 fit,
350 404 429 462 limes
449 404 595 479 triangula
616 422 758 479 separans
786 406 917 463 amoveri
946 406 1044 480 debet,

51 512 114 551 non
144 503 248 551 tamen
275 494 321 562 id,
349 494 427 568 quod
450 493 501 551 illo
528 493 621 551 limite
649 494 850 553 claudebatur.
892 496 950 553 Vel
977 513 1045 554 cum

52 601 153 641 murus
175 583 262 640 altius
283 584 447 654 extollitur,
476 600 554 657 quae
575 600 692 641 summa
712 583 742 639 in
764 601 802 642 eo
827 584 959 656 luerunt,
988 604 1045 642 ma·

52 679 122 730 nent
141 672 278 745 realiter,
310 690 420 729 summa
440 689 504 730 non
524 682 656 730 manent.
698 674 744 730 Ita
773 673 888 731 formae
918 675 1045 733 elemen-

52 773 167 833 torum,
190 762 312 819 cumin
334 762 502 837 composita
521 761 709 837 immigrent,
731 762 892 821 formarum
915 762 1045 821 rationes

53 870 163 910 exuere
185 851 339 927 putandae
360 860 439 921 sunt,
463 869 532 909 cum
551 851 612 908 iam
633 870 695 910 non
715 850 848 909 ultimam
869 852 1046 912 determina·

53 940 167 1000 tionem
189 941 264 1000 dent
283 941 461 999 intemam.›
479 941 488 973 ¹

443 1117 610 1165 Anrrcuaus
630 1129 659 1164 11.

105 1229 288 1280 DIVERSAE
307 1230 532 1279 SENTENTIAE
551 1230 658 1278 ClRCA
677 1230 993 1280 CONSTITUTIONEM

313 1311 510 1360 CORPORUM
528 1310 789 1361 AESTIMANTUR.
837 1352 839 1356 ,

307 1441 324 1508 ξ
346 1458 367 1493 1.
399 1444 572 1493 Aestimatur
590 1445 794 1505 dynamismus.

114 1571 138 1626 I.
160 1569 370 1643 Dynamismus
390 1568 468 1624 nullo
489 1567 593 1625 nititur
605 1567 805 1642 fundamento.
848 1569 981 1627 Etenim:

119 1679 145 1715 1.
168 1658 260 1716 Nullo
287 1657 380 1715 modo
406 1659 581 1733 experientia
600 1676 729 1715 sensuum
756 1658 872 1731 nititur3
900 1658 1044 1716 monades

53 1746 137 1805 enim
159 1749 206 1805 vel
227 1748 304 1807 vires
325 1748 389 1805 illas
410 1765 502 1805 nemo
522 1765 663 1821 umquam
684 1746 766 1805 vidit.

117 1857 144 1895 2.
169 1838 294 1894 Ratione
314 1836 424 1895 deinde
446 1836 528 1894 nullo
550 1846 725 1911 argumento
746 1837 897 1912 probatur.
940 1839 984 1894 Ex
1006 1856 1043 1896 eo

52 1926 146 1998 enim,
169 1926 253 2001 quod
272 1927 463 1984 attractiones
478 1936 507 1983 et
528 1925 712 2001 repulsiones
737 1925 767 1983 in
790 1925 964 2001 corporibus
985 1927 1048 1985 fieri

54 2025 182 2087 constat,
205 2026 286 2074 recte
308 2015 431 2090 quidem
445 2015 651 2073 concludimus
666 2032 730 2073 esse
744 2014 775 2072 in
788 2016 854 2091 ipso
869 2015 1048 2091 principium

54 2105 227 2180 quoddam,
256 2124 274 2162 a
302 2123 363 2180 quo
391 2104 525 2162 actiones
546 2104 614 2162 illae
642 2105 826 2179 procedunt,
853 2105 934 2162 nullo
955 2105 1047 2163 modo

54 2213 127 2253 vero
150 2194 214 2253 erui
235 2204 332 2270 potest
353 2194 425 2252 illud
445 2193 627 2268 principium
643 2211 707 2252 esse
723 2191 834 2268 aliquid
849 2193 981 2269 simplex,
1004 2195 1046 2252 in·

53 2294 227 2355 extensum,
258 2284 347 2359 quale
377 2282 563 2358 dynamistae
591 2282 687 2358 ipsum
715 2283 896 2341 describunt.
946 2284 1045 2355 Unde,

56 2373 140 2449 quod
162 2374 252 2448 gratis
273 2374 443 2443 affirmatur,
465 2371 555 2448 gratis
576 2382 675 2448 potest
695 2371 806 2446 negari.
1050 2377 1054 2388 '

116 2465 155 2522 ΙΙ.
183 2464 391 2538 Dynamismus
411 2463 602 2538 repugnantia
622 2462 704 2519 docet.
748 2461 778 2518 Si
805 2460 926 2536 quidem
956 2473 1046 2538 negat

54 2552 221 2612 realitatem
236 2552 424 2625 extensionis,
441 2570 531 2627 quam
545 2552 689 2609 euidenter
701 2561 732 2608 ut
745 2552 856 2609 realem
866 2551 1045 2627 percipimus

54 2662 114 2718 ope
137 2661 277 2701 sensuum
298 2653 496 2702 extemomm.
541 2641 649 2716 Neque
672 2639 751 2700 enim
774 2641 948 2716 concipitur,
974 2660 1045 2718 quo

55 2731 148 2791 modo
177 2750 214 2790 ex
242 2732 403 2791 inextensis
430 2731 533 2807 primis
555 2748 716 2805 corporum
738 2729 891 2806 principiis
913 2731 1045 2790 extensio

55 2821 119 2880 lieri
142 2822 243 2896 possit.

116 2911 211 2984 Quod
231 2910 255 2969 si
275 2909 461 2987 dynamistae
483 2910 669 2968 contendunt
690 2927 818 2984 corpora
838 2909 901 2967 fieri
923 2920 1044 2968 extensu

56 3019 93 3058 ex
114 3018 161 3069 eo,
184 3001 266 3076 quod
287 3000 442 3059 inextensa
456 2999 506 3058 illa
520 2998 616 3075 prima
631 2999 787 3070 elementa,
811 2998 899 3057 certis
914 2999 1045 3075 spatiolis

55 3091 133 3149 inter
147 3109 180 3148 se
194 3089 224 3147 vi
238 3089 385 3166 repulsiva
400 3089 546 3161 distantia,
567 3089 598 3146 vi
612 3089 765 3147 attractiva
779 3107 843 3147 sese
858 3089 1042 3161 attrahentia,

55 3179 199 3251 exhibent
220 3180 354 3238 sensibus
374 3179 414 3251 id,
437 3179 519 3253 quod
541 3188 694 3237 extensum
712 3196 861 3250 vocamus,
883 3179 1044 3236 absurdum

119 3358 127 3389 ¹
146 3361 223 3408 Pesclt
241 3359 258 3409 l.
278 3376 299 3408 c.
319 3376 344 3422 p.
365 3369 425 3420 303.
