2350 3700
384 164 422 199 DE
441 164 495 200 USU
514 162 720 201 TERMINORUM.
1008 164 1038 215 31

111 310 273 368 Terminus
293 312 449 384 augularis
469 320 528 370 est:

110 399 163 456 vel
190 398 334 459 terminus
348 402 502 475 proprius,
531 401 583 475 qui
604 419 665 459 non
687 401 743 458 nisi
763 400 802 459 de
830 418 890 459 uno
918 399 1040 459 dicitur:

42 486 204 560 Socrates,
226 490 342 563 Roma3

109 577 163 634 vel
196 577 339 636 terminus
367 579 518 635 cuumum's
545 572 608 653 (qui
635 577 674 637 de
701 576 833 653 pluribus
862 588 892 637 et
919 579 958 637 de
985 578 1042 637 sin·

41 666 128 738 gulis
150 666 211 724 dici
232 661 354 742 potest),
380 667 428 725 cui
448 666 567 725 additur
588 684 756 742 pronomen
777 668 1041 726 demonstrativum

43 749 112 826 (hic
133 751 255 829 homo),
283 756 332 814 vel
351 755 495 813 terminus
522 756 736 831 qualiscunque
764 756 901 815 incidens
929 756 1042 815 restric-

40 842 135 913 tivus,
159 843 365 902 extensionem
385 845 426 902 ad
442 863 533 902 unum
547 845 728 920 restringens
746 840 832 919 (liber
846 846 933 917 Petri,
956 846 1039 917 liber,

43 950 110 1006 quo
132 927 222 1006 utor).
265 934 336 991 Non
356 952 425 991 raro
453 934 542 991 etiam
569 951 608 991 ex
635 935 699 991 solo
727 934 870 994 orationis
900 944 1040 993 contextu

43 1022 197 1080 terminus
218 1024 386 1080 commtmis
405 1031 438 1079 ut
458 1023 613 1097 singularis
634 1024 703 1081 satis
724 1024 803 1083 clare
825 1035 959 1099 apparet.

108 1110 272 1171 Terminus
300 1113 491 1187 portuuloris
524 1122 568 1169 est
597 1111 740 1170 terminus
769 1114 953 1185 communis,
990 1114 1041 1189 qui

43 1200 95 1257 vel
117 1218 157 1258 ex
177 1200 245 1275 ipso
267 1211 406 1259 contextu
426 1202 474 1258 vel
495 1218 531 1258 ex
559 1200 661 1258 addito
689 1202 774 1275 signo
804 1202 1040 1277 particularitatis

45 1283 163 1363 (aliqui,
186 1289 332 1365 plerique,
355 1308 424 1365 pars
444 1289 593 1364 quaedam
615 1284 683 1364 etc.)
705 1291 889 1365 particularis
910 1294 949 1350 fit.

108 1379 272 1436 Terminus
292 1379 463 1437 uniuersalis
482 1379 554 1436 item
574 1380 623 1437 vel
644 1396 681 1437 ex
704 1378 794 1454 signis
814 1380 1039 1438 universalitatis

45 1462 178 1540 (omnis,
207 1463 315 1541 nullus)
344 1468 408 1538 vel,
440 1484 566 1525 numero
594 1468 699 1543 plurali
727 1468 873 1540 adhibito,
907 1487 943 1527 ex
970 1487 1040 1527 con·

43 1566 130 1614 textu
152 1555 346 1631 dignoscitur.

108 1647 160 1703 De
183 1645 312 1703 termino
332 1663 405 1704 vero
425 1648 570 1715 collective,
594 1646 645 1721 qui
665 1646 765 1704 ideam
785 1646 971 1705 collectivam
994 1666 1040 1708 ex-

44 1734 169 1808 primit,
198 1734 271 1792 illud
291 1734 373 1793 idem
392 1736 576 1794 monendum
599 1745 657 1805 est,
689 1735 771 1809 quod
792 1754 881 1810 supra
904 1734 943 1793 de
971 1736 1040 1793 idea

44 1823 211 1882 collectiva
231 1824 454 1884 declaravimus.

430 1959 598 2006 Armenius
619 1970 659 2006 111.

345 2072 394 2120 DE
412 2072 478 2122 USU
500 2073 748 2122 TERMINORUM.

264 2181 282 2248 ξ
304 2198 325 2234 1.
355 2187 398 2234 De
417 2187 614 2250 suppositione
633 2187 825 2236 terminorum.

108 2292 134 2348 I.
158 2299 254 2348 Notio.
283 2291 451 2365 Suppositio
467 2287 496 2365 (a
515 2293 622 2350 subet
642 2311 791 2367 ponere,
815 2293 884 2368 quia
899 2303 943 2351 est
957 2295 1039 2352 vocis

44 2379 175 2436 alicuius
196 2398 252 2454 pro
273 2397 305 2436 re
326 2380 522 2455 significanda
548 2375 668 2455 positio)
698 2391 756 2440 est:
787 2383 903 2440 termini
921 2391 980 2458 pro
1007 2402 1039 2439 re

44 2470 152 2543 aliqua
172 2469 359 2542 significando
379 2472 535 2545 usurpatio.

109 2557 248 2614 Termini
267 2559 418 2633 suppositio
438 2577 501 2616 non
522 2568 567 2616 est
583 2558 665 2616 idem
680 2578 716 2616 ac
730 2559 848 2617 termini
862 2561 1037 2635 significatio.

45 2648 140 2703 Haec
162 2644 244 2703 enim
264 2658 307 2704 est
327 2646 385 2717 vis,
414 2665 506 2721 qnam
525 2647 618 2705 habet
637 2649 795 2719 terminus,
825 2648 938 2723 aliquid
966 2668 983 2706 a
1007 2668 1039 2708 se

45 2733 223 2792 distinctum
237 2734 397 2794 intellectui
411 2736 612 2811 proponendi.
642 2737 728 2810 Quae
743 2737 795 2807 vis,
817 2756 885 2794 curn
901 2737 938 2795 ad
953 2739 1039 2812 plura

46 2823 214 2882 intellectui
223 2825 422 2899 proponenda
431 2843 496 2883 sese
506 2825 667 2884 extendere
677 2825 778 2900 possit,
790 2826 917 2883 termino
928 2827 1037 2899 tribuit,

46 2924 81 2971 ut
90 2913 131 2971 ad
140 2914 228 2987 plura
236 2912 432 2986 significanda
440 2914 574 2989 usurpari
583 2915 685 2988 possit.
701 2916 755 2972 Est
765 2923 863 2972 autem
873 2917 1038 2991 suppositio

48 3003 115 3077 ipsa
129 3002 182 3060 illa
193 2999 312 3059 termini
326 3002 485 3077 usurpatio,
506 3004 544 3062 ad
560 3002 621 3060 vim
633 3002 818 3077 significandi
833 3005 1036 3065 exserendam.

110 3093 149 3149 ΙΙ.
172 3098 297 3162 Species.
337 3090 508 3167 Suppositio
529 3102 573 3150 est

113 3201 139 3238 1.
167 3180 342 3236 materiola.-
377 3180 496 3237 termini
530 3179 682 3252 usurpatio
709 3197 765 3252 pro
794 3197 825 3236 se
853 3180 919 3253 ipso
950 3182 1037 3254 signi-

49 3268 186 3327 ficando:
202 3287 230 3325 v.
245 3285 273 3341 g.
292 3268 432 3325 «Homo»
448 3277 494 3324 est
507 3285 566 3323 vox
580 3267 705 3322 duarum
720 3265 915 3336 syllabarum3
936 3266 967 3320 in
981 3267 1039 3322 hac

50 3355 260 3433 propositione
281 3355 373 3411 homo
395 3354 570 3428 supponitur
591 3350 797 3419 materialiter3
