2350 3700
486 106 715 144 calraklotoom.

517 281 626 340 Capua
647 297 678 339 11.

166 405 332 464 niveasr
355 404 650 463 cuarrruonus
671 404 832 463 Fouras
854 405 1039 462 exauria

423 584 424 589 Ν
453 500 744 561 sufficiuntur.

455 648 737 700 PRAENOTIONES.

166 776 359 835 Certitudinis
373 774 474 851 fontes
493 774 542 832 vel
563 774 701 831 critorio¹
721 784 790 833 sunt
809 775 926 833 divorso
945 774 1039 832 nuno
1056 775 1106 832 nel
1152 759 1154 817 ῗ

99 868 259 942 principia,
287 866 386 942 quens
413 882 489 922 mons
515 864 644 921 hnmana
670 865 762 921 ntitm
787 863 831 921 od
848 882 935 923 veras
955 871 1103 939 certasque
1152 858 1154 863 ’

106 957 273 1028 cognitiones
291 956 346 1014 sibi
364 953 576 1031 comparandas.

168 1044 309 1119 Quinque
331 1042 528 1102 communiter
550 1053 776 1101 enumerantur:

198 1136 220 1192 I.
246 1133 421 1191 Conscientia
441 1133 489 1191 vel
510 1130 695 1206 experientia
715 1129 840 1190 interna.

183 1226 220 1282 II.
243 1224 433 1299 Experiontin
453 1228 573 1279 externa
594 1238 652 1296 ope
673 1237 804 1278 sensnum
824 1222 935 1280 habita.

168 1314 220 1371 ΙΙΙ.
242 1312 446 1386 Intellegentia.

168 1404 219 1460 IV.
243 1402 338 1459 Ratio.

184 1492 221 1549 V.
243 1490 415 1549 Auctoritas.
569 1563 574 1573 Δ

169 1579 294 1639 Criteria
315 1579 365 1637 illa
386 1578 487 1638 omnia
508 1580 567 1637 iam
584 1578 714 1637 examini
735 1578 912 1637 subicienda
931 1589 1013 1638 sunt:
1034 1598 1099 1638 non

109 1680 140 1728 ut
160 1687 263 1727 eorum
284 1670 416 1727 valorem
431 1668 462 1726 in
477 1667 600 1727 dubium
614 1686 798 1739 revocemus
821 1668 931 1727 scimus
948 1669 1029 1727 enim
1043 1689 1100 1745 per
1152 1709 1153 1712 η

109 1777 140 1817 se
162 1758 226 1835 ipsa
246 1757 277 1815 in
299 1775 432 1816 errorem
453 1775 514 1815 non
536 1756 679 1815 inducere
697 1752 737 1833 (p.
756 1776 810 1831 132
828 1766 858 1816 et
875 1753 962 1832 133)3
982 1758 1036 1817 sed
1057 1769 1098 1828 ut,
1152 1805 1153 1814 ,

110 1849 261 1925 rejioxione
281 1857 366 1924 snper
381 1849 443 1925 i‘pso
456 1848 563 1917 habito,
586 1845 751 1906 diiudicare
765 1846 920 1923 possimus,
944 1848 1101 1924 quodnam
1152 1817 1153 1875 i

110 1937 146 1996 sit
165 1937 394 2013 uniuscuiusque
416 1937 567 1996 obiectum
587 1936 751 2013 proprium,
774 1946 804 1996 et
819 1956 970 2013 quaenam
984 1937 1043 1996 sint
1057 1957 1101 1996 ra·
1152 1878 1154 1999 i

110 2026 221 2098 tiones
251 2036 375 2102 propter
402 2044 475 2103 quas
504 2045 558 2102 per
583 2026 725 2085 accidens
746 2026 778 2084 in
799 2043 934 2085 errorem
956 2027 1102 2086 inducere

110 2115 232 2191 possint.
1152 2122 1153 2193 i

501 2214 667 2262 Anrrcuuus
686 2226 704 2263 1.
1152 2200 1153 2205 Ἰ

442 2327 491 2376 DE
510 2327 757 2377 CONSCIENTIA.

430 2465 448 2532 ξ
469 2482 490 2517 1.
523 2469 609 2519 Notio
629 2468 776 2518 evolvitur.

171 2591 406 2650 Reflectentibus
433 2590 520 2650 nobis
549 2591 579 2648 in
608 2603 691 2650 actus
717 2602 836 2650 nostros
865 2593 946 2651 clare
974 2602 1104 2668 apparet
1152 2580 1153 2653 r

111 2700 166 2741 nos
186 2700 249 2739 non
271 2683 367 2739 solum
387 2681 489 2739 videre
511 2683 628 2739 colores
649 2700 674 2739 e.
697 2699 742 2756 g.,
769 2681 871 2739 audire
899 2699 1007 2752 soum,
1037 2699 1104 2738 cor·

111 2789 217 2846 porum
239 2769 435 2829 resistentiam
456 2772 504 2828 vel
525 2771 597 2830 alias
624 2769 821 2845 proprietates
851 2770 1005 2844 tangendo
1036 2788 1104 2846 per-

112 2859 228 2936 cipere,
258 2859 312 2918 sed
341 2859 430 2918 etiam
458 2870 583 2934 apparet
610 2878 661 2917 nos
685 2861 789 2916 sentire
813 2860 889 2934 ipsas
915 2860 983 2916 illas
1009 2877 1104 2916 sensa·
1152 2868 1153 2897 ³

112 2951 208 3018 tiones,
224 2949 330 3024 quibus
345 2950 470 3020 colores,
486 2967 585 3020 sonos
602 2947 674 3006 alias
689 2947 845 3024 qualitates
859 2965 1022 3023 corporeas
1036 2967 1104 3023 per·
1152 2986 1153 2993 κ

175 3140 184 3172 ¹
202 3143 296 3192 Fontes
315 3153 340 3192 et
358 3144 459 3193 criteria
477 3161 503 3194 ro
522 3152 580 3192 sunt
594 3145 675 3204 idem3
687 3145 774 3208 fontes
787 3151 870 3192 tamen
884 3144 1005 3192 dicuntur
1018 3145 1104 3192 media
1152 3200 1153 3203 Ἴ

112 3223 162 3283 illa,
183 3229 305 3287 quatenus
325 3238 356 3271 ex
374 3224 434 3286 ipsis
453 3239 533 3272 novae
553 3224 713 3288 cognitiones
730 3223 895 3283 hauriantur,
914 3226 1014 3273 tritona
1026 3215 1104 3284 nero,
1152 3216 1153 3221 ¹

113 3310 237 3366 quatenus
255 3301 394 3349 inserviunt
413 3302 445 3349 ad
463 3318 550 3350 verum
569 3312 595 3352 et
613 3305 703 3352 falsum
722 3304 915 3353 discernendum.
