2350 3700
108 94 160 153 362
394 102 433 138 DE
452 101 630 139 ACTIVITATE
650 101 816 137 CORPORUM.

108 260 195 309 natos
215 246 255 326 (p.
281 244 359 326 139).
400 248 495 324 Atqui
514 250 547 307 in
569 259 654 307 motu
674 248 804 307 naturali
824 248 977 307 facultatis
998 248 1037 306 ad
1056 248 1100 305 ob·
1148 266 1156 291 ’κ

107 342 218 399 iectum
238 358 323 399 suum
343 338 499 415 proprium
519 356 606 397 error
626 356 691 397 esse
712 356 776 397 non
789 348 900 414 potest,
923 347 957 396 ut
971 354 1009 395 ex
1023 336 1102 397 dictis

107 430 140 487 in
160 428 361 503 criteriologia
381 437 499 485 constat
519 421 560 503 (p.
586 421 664 501 133).
1155 426 1156 435 ’

169 518 230 577 Sed
250 536 335 575 error
355 526 433 576 esset
452 516 485 573 in
505 526 590 574 motu
610 515 739 575 naturali
759 534 901 575 sensuum
924 516 965 574 ad
989 516 1103 574 obiecta

108 606 239 683 propria,
261 606 286 665 si
307 605 463 681 qualitates
483 605 639 663 sensibiles
660 623 723 663 non
744 604 922 664 exsisterent
943 606 1104 663 formaliter

109 706 192 755 extra
211 705 353 766 mentem,
374 694 406 751 in
427 693 526 752 rebus.
554 694 691 751 Naturali
706 695 786 754 enim
801 703 885 753 motu
899 712 1008 752 sensus
1021 693 1104 752 nobis

109 785 281 843 renuntiant
299 784 332 841 in
352 782 431 841 foliis
452 802 479 843 e.
500 802 529 857 g.
552 783 694 841 arborum
715 802 779 841 non
798 793 915 841 tantum
936 783 1039 842 inesse
1059 782 1107 841 ali·

109 874 197 949 quid,
226 874 310 949 quod
337 870 646 948 repraesentationem
674 872 784 931 eoloris
811 872 915 931 viridis
936 872 969 930 in
992 890 1106 948 organo
1155 878 1156 881 ’

110 964 233 1034 excitet,
264 962 317 1021 sed
346 961 389 1019 ibi
410 979 517 1020 revera
536 960 635 1021 inesse
657 962 801 1020 colorem.
843 964 927 1037 Ergo
949 963 1108 1037 qualitates

110 1051 233 1111 sensiles
254 1050 419 1109 formaliter
439 1051 541 1109 insunt
559 1050 592 1107 in
613 1051 710 1109 rebus.

172 1162 198 1199 2.
213 1141 390 1213 Argumenta
398 1148 455 1215 per
468 1139 632 1197 alardum.
647 1170 682 1179 -
697 1139 851 1198 Sententia
865 1140 1108 1199 adversariorum
1155 1146 1156 1187 l

110 1230 245 1289 omnium
264 1229 364 1305 logice
385 1228 468 1287 ducit
489 1229 528 1286 ad
542 1228 765 1304 scepticismum
779 1230 989 1288 universalem.
1015 1230 1108 1303 Quod

110 1320 180 1379 satis
201 1321 281 1378 clare
301 1319 362 1376 iam
382 1327 509 1394 apparet
530 1335 567 1376 ex
595 1318 737 1376 doctrina
764 1336 884 1390 eorum,
913 1319 966 1393 qui
994 1318 1110 1377 subiec·
1155 1348 1156 1395 p

111 1409 260 1475 tivismum
280 1408 456 1467 kantianum
481 1407 538 1466 hac
565 1408 598 1465 in
626 1426 659 1466 re
686 1410 873 1483 profitentur.
916 1410 979 1467 Sed
1006 1427 1110 1485 neque
1155 1402 1156 1449 l

110 1499 227 1557 minore
247 1498 319 1556 vitio
340 1498 458 1556 laborat
477 1496 627 1555 sententia
646 1496 893 1573 physiologorum
907 1516 1024 1569 eorum,
1048 1499 1112 1574 qui,

111 1607 180 1646 cum
208 1586 373 1645 realitatem
402 1586 583 1643 obiectivam
613 1596 748 1643 motuum
777 1586 919 1645 localium
949 1588 1116 1646 admittant

111 1696 233 1735 necnon
253 1675 344 1751 ipsius
366 1674 548 1733 extensionis
569 1692 751 1751 corporeae,
774 1676 931 1751 qualitates
953 1676 1115 1736 sensibiles

112 1767 247 1841 symbola
267 1783 332 1824 esse
353 1764 457 1822 dicunt
477 1765 526 1823 vel
539 1765 625 1839 signa
640 1764 684 1823 rei
699 1765 823 1823 omnino
838 1765 970 1840 ignotae.
1001 1767 1115 1842 Neque

112 1855 192 1933 enirn
220 1855 333 1914 maiore
362 1854 512 1914 evidentia
539 1863 675 1912 motuum
702 1854 820 1914 illorum
847 1857 896 1914 vel
925 1858 1115 1916 extensionis

112 1944 312 2003 exsistentiam
333 1963 435 2003 sensus
456 1944 544 2002 nobis
571 1943 744 2002 renuntiant
771 1963 861 2020 quarn
888 1946 1115 2022 proprietatum

113 2033 322 2109 corporalium.
351 2034 453 2106 Quare
474 2034 541 2108 pari
555 2033 617 2092 iure
632 2032 834 2092 testimonium
849 2033 931 2092 circa
946 2035 1015 2094 illas
1029 2037 1115 2094 reali·

113 2134 187 2181 tates
207 2124 264 2182 erit
283 2122 484 2195 reiciendum,
512 2122 536 2180 si
558 2122 639 2180 circa
659 2122 713 2180 has
734 2123 892 2199 qualitates
912 2123 989 2182 nihil
1010 2127 1116 2184 valere

113 2213 298 2272 censendum
318 2222 370 2272 est.
413 2212 474 2270 Sed
495 2211 547 2288 qui
567 2211 638 2268 talia
658 2212 802 2284 admittit,
830 2212 856 2271 is
884 2231 922 2272 ex
949 2213 1114 2274 idealismo

113 2301 275 2361 subiectivo
304 2296 344 2378 (p.
375 2296 442 2376 141)
471 2301 501 2359 in
530 2299 752 2377 scepticismum
779 2299 980 2362 universalem
1011 2304 1116 2380 logice
1155 2269 1156 2358 i

114 2391 270 2450 deducitur
282 2393 300 2450 ¹.
1155 2369 1156 2410 ¹

173 2501 200 2554 3.
223 2481 399 2555 Argumenta
419 2481 557 2554 negativo.
580 2511 621 2519 —-
642 2481 750 2554 Neque
772 2481 832 2538 ullo
854 2481 949 2540 modo
964 2481 1119 2543 infirmari

114 2580 212 2647 potest
231 2571 307 2628 haec
327 2580 430 2628 nostra
450 2570 598 2628 sententia
619 2587 656 2627 ex
676 2569 792 2644 placitis
806 2569 950 2628 scientiae
965 2572 1119 2648 physicae

114 2657 162 2719 vel
183 2659 345 2719 chemicae.
389 2658 500 2718 Omnia
521 2657 618 2730 enim,
647 2677 725 2733 quae
746 2677 784 2717 ex
804 2658 862 2717 hac
889 2671 976 2737 parte
999 2662 1038 2720 ab
1064 2664 1121 2722 ad-

114 2747 250 2810 versariis
270 2749 448 2818 afferuntur,
478 2749 608 2824 probare
635 2746 686 2805 illa
713 2747 835 2824 quidem
863 2761 990 2825 possunt
1019 2753 1120 2826 quali·
1155 2809 1156 2830 2

114 2850 189 2898 tates
210 2837 364 2897 sensibiles
385 2854 422 2895 ex
443 2837 567 2895 diversis
587 2837 717 2896 motibus
739 2839 810 2895 oriri
830 2849 862 2896 ut
887 2857 905 2897 e
933 2858 1027 2898 causa
1050 2843 1118 2900 effi-

115 2928 214 3000 cienti,
236 2928 284 2986 vel
305 2937 402 2984 motus
422 2925 489 2984 illos
510 2925 580 2984 oriri
602 2945 638 2984 ex
660 2926 835 2985 alteratione
852 2927 1031 3002 qualitatum
1044 2949 1118 2989 sen·

115 3016 260 3084 sibilium,
281 3016 363 3072 nullo
383 3032 456 3072 vero
477 3015 570 3072 modo
592 3015 747 3073 evidenter
767 3017 929 3074 ostendunt
950 3018 1115 3092 qualitates

114 3102 179 3156 illas
199 3101 363 3157 formaliter
383 3119 447 3159 esse
467 3101 549 3176 ipsos
569 3104 625 3160 hos
645 3113 752 3162 motus.

178 3270 187 3301 ¹
205 3274 244 3320 Cf.
263 3277 373 3324 Lehmen
391 3279 407 3326 l.
428 3295 449 3327 c.
468 3297 494 3342 p.
513 3281 557 3328 62.
