2350 3700
427 142 464 179 DE
484 142 677 179 SCEPTICISMO.

335 308 353 375 ξ
374 323 397 361 2.
429 310 607 375 scepticiami
625 310 766 361 refutatio.

110 434 212 504 Haec,
234 452 326 508 quarn
340 434 522 511 suscipimus,
545 436 761 510 argumentatio
774 453 837 494 non
859 453 897 494 eo
918 446 1041 511 spectat,

44 533 78 580 ut
100 522 255 597 scepticos
276 524 314 581 ab
336 542 437 582 errore
452 524 589 583 reducat:
612 542 681 582 curn
702 542 740 583 eo
754 526 844 596 enim,
866 525 917 599 qui
938 524 1042 601 scepti-

44 611 179 671 cismum
207 613 405 671 universalem
425 616 498 671 serie
526 615 696 689 profitetur,
724 614 804 672 nulla
826 615 1042 689 argumentatio

44 700 163 759 institui
185 712 293 777 potest,
316 703 386 778 quia
405 704 486 761 nulla
500 692 648 778 principia
665 702 800 761 admittit.
830 703 968 774 Proinde,
992 705 1043 778 qui

44 790 100 848 tali
130 791 242 849 morbo
270 802 314 851 est
342 794 478 862 affectuS,
506 792 531 850 is
552 791 609 850 sibi
629 791 823 867 insaniaeque
844 810 914 851 suae
936 803 1043 851 estre

45 880 243 955 linquendus.
296 881 357 940 Sed
386 900 454 939 cum
483 882 519 939 iis
549 900 597 940 res
626 880 767 956 agitatur,
804 899 929 956 quorum
958 900 1042 941 mens

46 970 234 1045 scepticismi
256 969 383 1046 caligine
403 969 538 1029 nondum
560 981 605 1029 est
625 970 728 1028 offusa.
751 1001 789 1008 —-
811 970 898 1043 Quae
920 970 1042 1045 quidem

48 1058 193 1117 refutatio
215 1060 261 1117 his
281 1060 345 1117 fieri
366 1070 464 1135 potest
484 1060 681 1135 argumentis:

106 1150 132 1207 Ι.
163 1148 342 1221 Argumenta
370 1150 527 1222 negative¹.
571 1149 686 1208 Omnes
707 1148 789 1207 enim
816 1149 968 1221 homineS,
998 1150 1047 1207 ael

48 1240 103 1313 apsi
121 1241 244 1313 sceptici,
265 1238 392 1297 naturali
406 1239 583 1297 necessitate
605 1239 711 1296 multas
725 1237 863 1296 veritates
884 1256 940 1315 pro
955 1239 1043 1297 certis

48 1328 173 1385 habent.
206 1328 276 1385 Hoc
284 1328 398 1401 factum
412 1327 468 1403 ipsi
482 1328 605 1403 sceptici
619 1328 696 1385 ultro
705 1327 865 1386 admittunt
877 1339 909 1386 ut
923 1328 1042 1386 sactum.

49 1416 109 1474 Sed
140 1417 297 1490 reflexione
324 1417 404 1475 circa
430 1416 639 1475 certitudinem
666 1416 747 1473 illam
775 1418 939 1475 naturalem
965 1416 1044 1475 insti·

6 1496 8 1503 ’
46 1515 126 1577 tnta,
156 1504 210 1563 hic
237 1506 403 1580 quaeritur,
431 1516 528 1565 utrum
556 1507 631 1564 haec
660 1505 806 1565 certitudo
834 1506 870 1564 sit
900 1505 1039 1582 legitima,

45 1605 150 1653 utrum
182 1594 295 1653 scilicet
324 1596 375 1653 fiat
405 1612 441 1654 ex
470 1595 674 1671 propensione
705 1594 835 1669 quadem
865 1596 1042 1666 necessaria,

44 1703 129 1759 quae
150 1694 216 1742 tota
237 1702 273 1742 ex
294 1686 357 1743 sola
377 1684 500 1743 subiecti
522 1684 680 1759 cogitantis
702 1683 911 1743 constitutione
932 1686 980 1743 vel
994 1703 1044 1741 na-

44 1784 116 1830 tura
147 1773 275 1845 oriatur,
313 1794 352 1832 an
383 1774 526 1831 efficiatur
556 1775 611 1831 sub
646 1772 756 1831 influxu
790 1771 892 1831 motivi
922 1773 1044 1831 alicuius

44 1864 185 1921 obieetive'.
215 1865 254 1920 Et
275 1864 314 1922 ad
334 1864 413 1922 hanc
427 1863 634 1938 quaestionem
648 1862 773 1940 sceptici
794 1862 978 1937 respondent
994 1880 1044 1921 ne-

45 1952 165 2010 minem
189 1952 264 2010 scire
285 1971 372 2029 posse
394 1971 512 2010 causam
534 1953 621 2012 huius
640 1951 829 2011 adhaesionis
858 1971 922 2011 esse
949 1960 1043 2010 extra·

45 2044 239 2100 subiectieam.

108 2132 181 2189 Heu
200 2139 293 2189 aetem
309 2134 404 2205 gratis
424 2135 569 2190 asseritur.
612 2134 798 2207 Argumenta
818 2131 913 2204 enim,
936 2131 1042 2206 quibus

47 2221 227 2292 innituntur,
250 2222 323 2279 nihil
343 2223 451 2280 valent.
493 2224 533 2280 Et
553 2239 585 2280 re
607 2222 730 2296 quidem
750 2237 833 2280 vera:

113 2332 139 2370 1.
164 2311 404 2369 Concedendum
425 2309 546 2386 quidem
568 2321 613 2368 est
641 2311 793 2369 facultates
820 2321 935 2369 nostras
961 2318 1043 2385 saepe

47 2418 103 2458 nos
136 2401 251 2458 fallere.
294 2401 353 2458 Sed
383 2418 420 2458 ex
449 2400 508 2458 hoc
538 2399 669 2475 legitime
700 2417 762 2458 non
796 2399 952 2458 deducitur
986 2399 1042 2457 illis

46 2509 206 2564 erumperem
227 2489 318 2548 fidem
339 2489 482 2564 praestari
503 2508 600 2565 posse.
643 2488 810 2563 Numquam
831 2490 922 2548 fidem
950 2508 1041 2548 mere-

47 2591 167 2649 rentur,
212 2578 237 2636 si
276 2580 388 2637 nullum
422 2597 564 2653 umquam
598 2577 776 2636 haberemus
816 2578 965 2636 criterium
1000 2578 1043 2635 di·

46 2668 235 2744 gnoscendi,
267 2667 387 2742 quando
415 2687 471 2726 nos
498 2669 636 2726 fallerent
664 2677 694 2724 et
721 2666 843 2741 quando
872 2686 935 2725 non
963 2668 1042 2724 falle·

46 2769 122 2817 rent.
154 2757 217 2816 Sed
238 2758 296 2816 tale
318 2756 467 2822 criterium
488 2756 576 2815 nobis
597 2773 701 2815 revera
721 2756 826 2814 deesse
842 2755 966 2831 sceptici
978 2773 1042 2813 non

47 2847 222 2906 ostendunt.

109 2957 136 2994 2.
160 2937 318 2994 Conantur
338 2935 379 2993 illi
401 2935 522 3010 quidem
545 2937 605 2993 hoc
626 2934 802 3004 ostendere,
827 2934 981 3007 arguendo
1002 2934 1041 2993 de

45 3035 200 3098 progressu
221 3026 253 3081 e'n
273 3027 414 3100 infineium
434 3026 483 3083 vel
511 3025 550 3082 de
579 3025 681 3082 circulo
695 3025 807 3082 -vitieso
829 3018 868 3098 (p.
892 3018 960 3096 96),
988 3024 1040 3082 sed

50 3132 212 3190 perperam
241 3115 300 3172 hoc
330 3115 449 3173 faciunt.
505 3113 607 3170 Gratis
637 3113 718 3171 enim
752 3121 926 3186 supponunt
960 3129 1040 3170 novo

113 3333 121 3364 ¹
141 3335 210 3383 Vide
229 3352 254 3399 p.
275 3335 316 3394 64.

106 3427 299 3476 Reinstadler,
316 3427 385 3466 Elem.
402 3427 480 3476 philos.
497 3425 564 3466 schol.
