2350 3700
482 153 567 189 norro
586 149 684 190 rnsxn.
1040 152 1071 202 ¹3

143 299 203 358 Sed
224 299 390 375 propositio
411 299 485 357 nihil
505 299 585 358 aliud
608 310 651 359 est
666 299 724 358 nisi
738 300 855 375 signum
869 299 1008 376 praeviae
1023 301 1072 358 ali-

76 388 166 447 cuius
186 389 370 464 operationis
391 389 507 461 mentis,
530 406 607 464 quae
628 388 736 447 dicitur
755 390 905 460 tudinum
925 389 996 448 item
1016 400 1072 448 ter-

72 477 180 536 minus
200 478 317 553 signum
338 490 383 538 est
403 479 477 536 alius
497 477 605 536 mentis
633 478 830 553 operationis,
859 497 937 554 quae
964 478 1072 536 dicitur

71 567 156 625 idea.

143 655 273 715 Proinde
296 657 376 715 circa
396 667 455 716 tres
476 657 540 716 illas
560 656 669 716 mentis
690 656 895 733 operationes:
924 687 963 696 —
991 657 1072 716 circa

70 744 199 817 ideam,
221 745 378 817 iudiciuin,
401 745 597 817 ratiocinium,
620 756 650 804 et
670 764 772 806 earum
793 745 878 821 signa
898 777 937 785 —
958 745 990 804 in
1011 746 1071 804 dia·

71 834 191 893 lectica
211 834 398 910 investigatio
419 846 463 894 est
483 834 665 894 instituenda
685 845 715 894 et
735 834 866 907 reflexio,
887 845 919 893 ut
937 834 1071 909 singulae

72 923 154 996 rite,
180 923 359 1000 expeditius,
388 924 452 983 sine
474 941 575 983 errore
598 924 665 982 elici
683 923 813 998 possint,
837 923 965 983 maxime
989 941 1069 996 vero,

72 1023 114 1071 ut
134 1031 219 1071 mens
240 1013 279 1071 ad
300 1023 381 1072 recte
402 1013 640 1072 ratiocinandum
661 1013 827 1072 instmatur.
867 1013 976 1072 Tribus
997 1031 1070 1088 ergo

73 1101 166 1160 libris
187 1102 322 1161 dicemus

221 1218 242 1266 I.
263 1219 297 1267 de
317 1219 388 1277 ides,
414 1218 446 1266 11.
467 1219 502 1267 de
521 1217 634 1277 iudicio,
660 1217 707 1267 111.
727 1219 762 1267 de
780 1218 932 1268 ratiocinio.

496 1489 609 1550 Lrsnx
632 1503 653 1550 1.

142 1620 208 1682 DE
231 1620 373 1682 PRIMA
395 1619 564 1700 MENTIS
588 1619 882 1683 OPERATIONE
905 1619 1007 1687 SIVE

472 1718 534 1780 DE
557 1719 678 1782 IDEA.

497 1878 607 1937 CAPUT
628 1896 647 1937 1.

189 2002 247 2059 DE
269 2002 376 2059 IDEIS
397 2003 441 2059 IN
463 2003 510 2060 SE
530 2003 627 2060 IPSIS
649 2002 961 2075 CONSIDERATIS,

360 2092 416 2150 UT
438 2092 546 2150 SUNT
567 2092 611 2149 IN
633 2090 788 2151 MENTE.

474 2242 641 2289 Anncunus
661 2253 679 2291 1.

449 2356 562 2405 NOTIO
582 2356 700 2407 IDEAE.

156 2490 175 2557 ξ
199 2508 220 2543 1.
251 2496 404 2559 Quomodo
423 2496 502 2545 ideas
521 2497 607 2546 nobis
626 2498 808 2546 efformemus
827 2496 992 2546 ostenditur.

136 2618 160 2674 Ι.
191 2617 384 2693 Experientia
404 2630 479 2678 teste
499 2620 531 2678 in
553 2620 641 2679 rebus
662 2631 745 2679 extra
769 2638 825 2679 nos
853 2619 1067 2689 exsistentibus,

72 2722 101 2763 e.
125 2723 155 2780 g.
179 2706 210 2764 in
233 2706 343 2765 circrdo
365 2709 496 2784 quodam
518 2708 584 2767 talis
605 2708 728 2779 coloris,
757 2708 823 2767 talis
847 2706 1067 2785 magnitudinis,

73 2812 114 2851 ex
135 2793 190 2851 tali
211 2796 344 2869 materia,
367 2808 439 2877 puta
460 2817 496 2857 ex
516 2799 606 2869 ferr0,
629 2798 777 2869 consecto,
800 2816 861 2855 non
883 2800 978 2857 solum
998 2798 1069 2855 tales

68 2883 266 2958 proprietates
296 2887 468 2961 corporales
498 2887 632 2946 sensibus
662 2886 886 2962 cognoscimus,
918 2898 949 2945 ut
977 2888 1068 2945 talem

75 2972 230 3043 colorem,
258 2974 349 3033 talem
377 2976 626 3051 magnitudinem,
656 2994 734 3051 quae
761 2976 867 3034 mutari
894 2986 1018 3052 possunt
1038 2985 1068 3033 et

74 3077 185 3119 revera
198 3071 355 3134 mutantur,
378 3064 450 3139 quin
469 3082 516 3123 res
530 3075 681 3140 percepta,
703 3064 830 3124 circulus
850 3084 876 3124 e.
892 3084 930 3140 g.,
952 3064 1068 3123 desinat

34 3221 38 3235 Ι
77 3166 144 3207 esse
167 3150 290 3225 eadem,
318 3151 372 3211 sed
393 3152 487 3228 ipsam
509 3156 647 3211 rationem
675 3156 723 3212 vel
748 3156 932 3229 quidditatem
959 3153 1067 3212 coloris

34 3242 41 3291 i
77 3248 112 3305 et,
127 3238 341 3313 magnitudinis
362 3241 560 3317 percipimus,
587 3240 680 3298 immo
700 3242 730 3299 in
759 3243 823 3317 ipsa
846 3242 902 3308 ,illa
929 3260 961 3298 re
989 3243 1067 3298 colo·

37 3308 50 3385 ⁷5
79 3338 150 3398 rata,
174 3346 292 3403 magna,
315 3348 352 3387 ex
373 3330 424 3389 tali
445 3328 570 3388 materia
584 3328 731 3399 confecta,
754 3327 1006 3403 apprehendimus
1019 3326 1067 3381 ali·

42 3605 116 3660 'li
163 3650 167 3653 .
