2350 3700
452 161 539 199 norro
558 161 656 200 muru.
1014 163 1044 213 15

55 311 105 367 vel
119 309 226 368 duritie
240 309 288 367 vel
303 308 367 366 aliis
381 308 551 367 huiusmodi
565 309 762 384 qualitatibus.
785 312 872 369 Haec
887 311 1046 369 abstractio

53 399 164 456 dicitur
185 398 400 466 mathematica,
422 397 491 456 idea
511 408 589 456 vero
606 399 648 456 sic
669 399 826 470 abstracta,
847 399 917 458 idea
937 399 1047 458 mathe

52 487 175 545 matica.
205 489 295 545 Tales
316 497 384 545 sunt
398 504 423 546 e.
436 495 467 562 g.
483 486 552 546 idea
573 487 681 559 lineae,
703 487 849 562 trianguli,
872 487 975 546 circuli
988 499 1046 546 etc.

116 570 145 649 c)
175 576 400 652 Saepenumero
422 575 554 651 denique
574 576 740 635 intellectus
769 587 887 651 separat
914 596 932 634 a
958 578 1048 636 rebus

50 664 220 740 corporeis,
243 665 391 740 quidquid
411 665 566 741 proprium
587 676 632 724 est
652 665 769 724 entibus
785 665 994 736 materialibus,
1016 676 1048 724 ut

50 774 87 811 ea
115 756 180 812 sola
206 757 343 822 retineat,
377 773 451 828 quae
477 755 585 812 entibus
611 755 844 813 immaterialibus
871 772 958 830 aeque
988 773 1047 812 con-

49 835 176 902 ueniant
194 851 278 918 atque
293 843 402 900 entibus
415 844 617 902 materialibus.
648 845 686 902 Et
705 844 782 902 haec
796 844 919 919 quidem
934 844 1048 919 perfec·

49 933 170 991 tissima
190 932 351 990 abstractio
373 932 480 991 dicitur
494 934 688 1009 metaphysica,
710 932 780 993 idea
793 951 875 1005 vero,
896 951 974 1009 quae
989 952 1048 1009 ope

50 1022 141 1080 huius
163 1021 372 1080 abstractionis
393 1021 579 1096 exprimitur,
608 1022 678 1081 idea
705 1023 917 1100 metaphysica.
958 1025 1048 1082 Tales

50 1123 124 1170 sunt
136 1111 279 1169 notiones
294 1110 378 1182 entis,
393 1111 520 1183 unitatis,
536 1111 674 1184 veritatis,
689 1112 838 1183 bonitatis,
857 1113 1047 1182 substantiae,

50 1201 223 1259 accidentis
245 1210 301 1258 etc.

118 1310 145 1347 2.
170 1291 205 1347 ln
227 1289 420 1348 efformandis
440 1307 513 1348 vero
534 1291 593 1348 suis
610 1289 685 1348 ideis
699 1308 784 1349 mens
798 1309 861 1348 non
875 1291 970 1348 solum
984 1291 1049 1350 abs·

50 1379 146 1436 trahit
168 1379 366 1454 proprietates
388 1380 574 1453 corporales,
596 1390 628 1437 ut
649 1378 845 1453 quidditatem
864 1397 963 1438 rerum
985 1398 1049 1438 cor·

50 1468 206 1542 poralium
221 1467 375 1543 percipiat,
392 1469 445 1527 sed
461 1467 549 1526 etiam
558 1479 740 1537 reflectendo,
754 1479 955 1541 comparando,
970 1493 1049 1528 com-

50 1567 193 1630 ponendo
208 1575 255 1615 res
270 1558 393 1616 omnino
409 1557 573 1633 spirituales
588 1557 796 1634 apprehendit,
814 1569 847 1617 ut
860 1559 900 1617 ad
913 1569 1049 1616 naturam

51 1647 193 1717 animae,
216 1647 308 1703 immo
330 1646 369 1704 ad
389 1646 486 1722 ipsam
506 1646 564 1705 Dei
584 1658 721 1705 naturam
742 1646 986 1722 cognoscendam
1007 1665 1050 1705 as-

51 1747 168 1810 surgat.
212 1734 261 1792 Sic
296 1735 501 1811 distinguimus
534 1736 743 1806 reflexionem,
783 1736 1048 1811 comparationem,

52 1824 232 1900 synthesim.
262 1827 316 1884 Est
336 1836 435 1884 autem
455 1826 591 1901 reflexio:
614 1828 748 1884 »attentio
761 1827 861 1884 menhs
874 1828 905 1883 in
913 1829 1051 1903 proprios

51 1921 177 1985 actus«,
203 1917 394 1991 comparatur:
424 1918 566 1991 »operatio
587 1918 703 1984 menni,
731 1933 791 1991 qua
811 1916 854 1973 ad
865 1916 967 1991 plures
993 1920 1051 1975 siue

52 2023 104 2061 res
124 2006 184 2063 siue
204 2005 282 2061 ideas
302 2006 481 2063 attentzbnem
501 2005 628 2079 dirigens
646 2023 744 2062 earum
764 2008 841 2063 mter
858 2024 888 2063 se
901 2007 1051 2065 relationes

53 2096 199 2167 inquirit«
209 2114 219 2164 ,·
240 2093 393 2167 synthesis:
423 2095 539 2173 »menh's
558 2095 701 2169 operatio,
727 2113 785 2169 qna
798 2096 901 2171 plures
921 2096 1000 2153 ideas
1019 2098 1050 2152 in

53 2202 149 2240 unum
170 2184 308 2258 componit
326 2190 509 2259 conceptum«.
526 2184 535 2217 ¹

113 2348 132 2415 ξ
154 2364 178 2401 2.
208 2354 251 2400 De
270 2352 395 2401 idearum
414 2352 562 2401 elementis
582 2352 771 2401 constitutivis
789 2354 835 2402 vel
853 2354 988 2416 partibus.

122 2466 263 2542 Singulae
284 2468 371 2526 ideae
391 2478 525 2539 nostrae,
555 2468 610 2527 etsi
638 2469 692 2526 sub
713 2468 836 2528 diversis
857 2470 1050 2544 respectibus,

56 2556 246 2616 considerari
267 2568 392 2633 possunt
409 2568 441 2615 ut
454 2568 548 2616 totum
562 2557 684 2633 aliquod
699 2560 843 2617 resultans
857 2576 894 2617 ex
908 2558 1050 2635 partibus,

58 2658 92 2705 et
119 2646 163 2705 sic
190 2646 395 2721 distinguimus
424 2646 455 2705 in
483 2646 554 2723 ipsis
583 2666 685 2707 earum
720 2648 986 2724 comprehensionem
1021 2659 1051 2706 et

62 2754 168 2794 earum
189 2737 383 2794 extensionem.

123 2826 147 2883 Ι.
177 2824 236 2883 Vel
257 2824 337 2883 enim
359 2824 581 2885 consideramus
605 2825 636 2884 in
664 2825 738 2885 ideis
766 2827 880 2885 dmersa
908 2826 1051 2895 elementa,

61 2912 171 2989 quibus
192 2914 423 2987 constituuntur,
454 2915 515 2974 sive
537 2917 686 2975 elementa
707 2915 757 2974 illa
778 2925 845 2975 sunt
865 2914 985 2974 realiter
1011 2914 1053 2974 di-

61 3002 171 3063 stincta
196 3003 227 3061 in
254 3004 343 3062 rebus
370 3023 444 3079 quas
471 3004 679 3078 manifestant,
710 3005 772 3063 sive
799 3023 871 3063 non.
914 3005 967 3063 Sic·
984 3005 1053 3063 idea

60 3092 194 3151 hominis
214 3093 399 3152 constituitur
419 3092 464 3153 his
486 3093 657 3153 elementis:
682 3112 736 3153 ens
756 3093 925 3166 subsistens,
948 3112 1053 3170 corpo·

62 3199 163 3255 reum,
191 3182 310 3268 ¹vivens,
339 3183 485 3256 sentiens,
514 3184 673 3255 ratibnale,·
700 3183 769 3242 idea
796 3183 932 3242 animalis
957 3183 1051 3242 bruti:

128 3359 135 3391 ¹
157 3361 196 3411 Cf.
216 3361 298 3423 Frieh,
318 3361 418 3427 Logica
437 3379 463 3427 p.
488 3374 527 3410 11.
