2350 3700
40 122 46 131 ·
126 118 158 177 76
470 180 477 191 Ι
524 125 706 162 urncscrrcn.

123 275 295 335 universalis
310 274 457 350 negativa,
472 282 529 332 tres
542 276 573 331 in
587 275 753 350 praemium
766 280 982 349 reputarentur
996 271 1113 330 termini

123 365 315 423 universales:
324 364 440 423 medius
447 363 568 435 scilicet,
579 372 703 438 propter
711 365 844 438 regulam
854 364 932 421 «Aut
939 363 1050 421 semel,
1062 408 1068 419 .
1078 380 1111 432 .>›,
1160 405 1162 412 .

123 454 286 513 subiectum
313 464 342 512 et
363 452 568 528 praedicatum
589 450 804 523 conclusionis,
833 461 957 527 propter
979 452 1112 527 regulam

125 543 242 603 «Latius
263 544 348 602 hos.
366 561 402 601 .›>.
439 542 612 601 Subiectum
626 542 708 599 enim
723 541 923 600 conclusionis
944 541 1112 599 universale

122 644 167 691 est
187 652 224 691 ex
244 631 418 708 hypothesi3
446 631 651 707 praedicatum
671 649 759 701 vero,
782 630 853 705 quia
873 639 917 689 est
939 630 1112 688 attributum

122 721 334 798 propositionis
355 720 500 796 negantis,
523 720 646 778 sumitur
660 720 825 779 secundum
846 730 938 777 totam
960 738 1048 777 suam
1069 737 1113 776 ex·
1160 731 1162 742 ’

122 811 297 870 tensionem.
339 813 414 869 Tres
440 827 512 884 ergo
534 809 565 867 in
593 807 762 884 praemissis
782 807 971 884 requiruntur
993 808 1112 867 termini

122 901 311 959 universales,
348 900 408 958 Sed
429 918 533 957 revera
554 899 585 956 in
607 897 678 974 ipsis
699 918 756 955 non
769 906 837 955 sunt
855 900 912 956 nisi
923 900 978 955 duo
993 897 1112 955 termini
1160 909 1161 916 ’

122 988 310 1048 universales,
354 987 525 1047 Subiectum
546 987 628 1047 enim
641 986 854 1063 propositionis
875 988 1064 1063 particularis
1084 998 1111 1045 et
1160 995 1162 998 '

122 1078 292 1137 attributum
328 1077 541 1153 propositionis
577 1078 770 1135 affirmativae
807 1087 874 1135 sunt
908 1077 1110 1152 particulares.

122 1171 205 1243 Ergo
226 1166 378 1226 conclusio
399 1165 572 1226 universalis
594 1185 631 1225 ex
650 1166 820 1225 huiusmodi
840 1166 1012 1242 praemissis
1030 1176 1110 1224 recte

126 1256 188 1315 erui
208 1276 271 1315 non
293 1266 398 1332 potest.

182 1356 243 1413 Nil
259 1357 386 1431 sequitur
403 1354 522 1428 geminis
545 1373 580 1411 ex
599 1354 827 1429 particularibus
847 1374 988 1429 umquam.
1033 1355 1110 1413 Nam

186 1475 210 1511 1.
232 1453 266 1511 Si
285 1454 382 1511 ambae
401 1459 468 1511 sunt
487 1452 679 1527 affirmntrs,
700 1453 797 1511 nullus
818 1451 849 1509 in
870 1452 941 1529 ipsis
962 1452 1110 1511 invenitur

121 1543 263 1601 terminus
284 1543 464 1614 universalis,
486 1542 569 1617 qnod
584 1553 628 1600 est
647 1551 751 1600 contra
766 1542 900 1617 regulam
924 1543 1002 1601 «Aut
1018 1543 1108 1601 semel

123 1642 173 1690 aut
194 1631 331 1690 iterum..
350 1650 386 1690 .».
587 1626 591 1631 ’

186 1752 210 1788 2.
233 1730 267 1789 Sz'
286 1731 379 1788 altera
400 1737 441 1788 est
459 1730 625 1805 affirmans,
647 1730 740 1787 altera
760 1748 877 1803 negans,
898 1731 954 1787 duo
975 1730 1006 1787 in
1028 1750 1110 1806 prae·
1160 1720 1162 1759 t

124 1818 218 1879 missis
239 1820 427 1896 requiruntur
449 1818 567 1878 termini
587 1819 776 1890 universales,
798 1828 830 1878 ut
849 1819 1002 1878 conclusio
1025 1821 1110 1896 parti-
1160 1825 1162 1837 ¹

124 1910 231 1967 cularis
252 1928 366 1985 negans
388 1920 469 1968 recte
491 1910 553 1966 erui
574 1908 675 1984 possit.
712 1909 771 1966 Sed
793 1927 897 1967 revera
918 1908 949 1966 in
971 1910 1043 1985 ipsis
1058 1930 1111 1968 non

123 2006 164 2056 est
191 2000 248 2056 nisi
271 2001 368 2057 unicus
388 1997 530 2057 terminus
551 1997 740 2068 universalis,
770 1999 975 2072 praedicatum
999 2000 1112 2058 scilicet
1160 2076 1161 2081 η

123 2087 335 2163 propositionis
365 2088 510 2162 negantis.
552 2089 635 2161 Ergo
663 2087 744 2144 nulla
771 2097 852 2145 recte
880 2087 990 2145 deduci
1014 2100 1112 2164 potest

124 2177 277 2236 conclusio
306 2197 342 2236 ex
368 2177 553 2252 syllogismo,
583 2175 666 2234 cuius
696 2175 876 2251 praemissae
907 2178 1015 2236 ambae
1047 2190 1111 2236 sunt
1160 2170 1161 2179 ¹

123 2267 323 2343 particulares,

171 2465 188 2532 ξ
209 2481 232 2516 2.
265 2471 308 2517 De
327 2468 440 2530 regulis,
461 2483 533 2530 quae
553 2468 672 2517 diversis
691 2467 851 2531 syllogismi
870 2467 966 2530 figuris
985 2477 1055 2518 sunt

547 2563 685 2612 propriae.

184 2684 205 2740 Ι.
228 2682 318 2742 Notio
330 2685 449 2758 figurae
469 2683 622 2758 syllogismi
640 2688 668 2738 et
686 2683 792 2757 species.

185 2783 349 2857 Hucusque
365 2782 567 2857 syllogismum
582 2779 837 2839 consideravimus
851 2779 883 2838 in
897 2781 1113 2857 perfectissima

124 2887 176 2928 sua
196 2880 227 2928 et
247 2872 341 2946 magis
362 2871 488 2928 naturali
509 2871 614 2928 forma.
650 2870 718 2942 Qua
740 2869 862 2944 quidem
878 2870 975 2928 forma
995 2869 1112 2930 termini
1160 2894 1162 2930 ὲ

124 2959 164 3016 ita
189 2958 267 3018 inter
288 2978 319 3018 se
340 2959 552 3036 disponuntur,
582 2970 614 3018 ut
634 2959 749 3017 medius
776 2959 920 3018 terminus
946 2959 979 3016 in
999 2962 1110 3019 maiore

124 3047 161 3105 sit
176 3048 340 3106 subiectum
356 3059 385 3107 et
406 3048 436 3106 in
451 3048 566 3107 minore
588 3047 802 3123 praedicatum.
838 3048 930 3119 Hinc,
952 3048 977 3106 si
998 3051 1112 3109 medius

124 3136 267 3194 terminus
289 3137 385 3194 littera
405 3138 449 3193 M
465 3137 646 3211 exprimitur,
669 3147 802 3195 extrema
821 3156 894 3196 vero
916 3137 1023 3196 litteris
1044 3139 1112 3198 Set

125 3219 348 3298 Pisubiectum
377 3234 406 3282 et
426 3224 631 3298 praedicatum
655 3221 874 3299 conclusionis),
897 3227 1112 3301 perfectissima

125 3311 175 3368 illa
197 3311 293 3368 forma
312 3311 369 3368 hac
390 3313 483 3386 figura
504 3313 722 3387 repraesentari
742 3323 855 3387 potest:
