2350 3700
400 132 438 166 nn
459 131 664 170 cunriruniuu.
979 121 1027 184 ¹⁶9

114 300 137 337 2.
162 281 252 337 Error
278 279 446 338 invincibilis
473 279 523 338 ille
551 290 610 350 est,
639 279 705 355 qui,
737 279 869 338 adhibita
897 279 946 338 illa
967 281 1029 339 dili·

26 369 155 441 gentia,
175 367 258 426 vitari
279 387 341 427 non
362 377 468 443 potest.

108 458 144 515 H.
170 466 277 516 Erroris
297 481 408 517 causae.
450 458 568 516 Erroris
589 476 709 518 causam
737 457 844 517 scimus
872 477 935 517 non
964 477 1028 518 esse

26 544 141 620 ipsam
165 558 315 605 naturam:
349 564 428 605 «non
456 547 542 605 datur
569 546 724 606 inclinatio
751 548 892 606 naturalis
920 549 958 608 ad
986 567 1029 607 er·

26 652 178 708 rorem›;
199 637 299 693 «nulla
319 637 441 694 facultas
462 655 517 710 per
538 655 570 696 se
591 636 707 695 inducit
724 637 755 695 in
769 653 937 696 erroremrt
959 639 1029 695 mul·

26 725 131 783 toties
149 725 207 783 hoc
227 734 353 783 tractatu
374 725 591 786 contendimus.

103 814 175 871 Sunt
195 813 324 888 proinde
345 832 444 872 causac
463 818 571 873 erroris
587 823 643 890 per
662 816 794 886 occidam,
816 833 942 891 quarum

104 923 128 961 1.
150 903 237 962 Aliae
258 914 327 962 sunt
346 904 507 974 obiectam,
535 903 555 962 i.
577 922 604 963 e.
626 923 663 964 ex
684 905 749 981 ipso
771 904 890 965 obiecto
919 923 1029 981 cogno

26 992 153 1050 scendo
167 993 355 1068 desumptae,
375 1002 521 1068 quatenus
540 993 654 1052 scilicet
668 1012 723 1069 pro
738 993 850 1053 viribus
863 993 1029 1054 intellectus

29 1091 84 1138 cst
104 1081 300 1156 complexius.

100 1189 126 1226 2.
148 1169 239 1228 Aliae
259 1188 332 1229 vero
352 1171 525 1240 subiectzaac,
547 1181 578 1230 et
598 1171 666 1230 illae
688 1171 825 1246 quidem:

96 1252 126 1333 a)
147 1260 198 1317 vel
219 1259 250 1316 in
271 1259 337 1333 ipsa
356 1260 490 1334 potentia
510 1260 662 1336 cognitiva
682 1261 872 1320 inveniuntur
892 1261 1029 1320 acciden-

36 1347 151 1406 taliter:
174 1358 208 1406 ut
228 1358 273 1407 est
293 1349 401 1408 mentis
415 1351 615 1426 praecipitatio
625 1371 635 1421 ,·

95 1432 127 1510 b)
149 1438 201 1495 vel
221 1437 412 1496 inveniuntur
431 1437 462 1496 in
489 1441 641 1498 voluntate
666 1441 844 1515 passionibus
870 1457 932 1497 non
960 1440 1029 1498 satis

35 1526 196 1584 moderata
222 1526 304 1584 iuxta
330 1529 517 1603 praeclarum
544 1528 616 1587 illud
644 1528 772 1588 dictum:
811 1527 919 1587 «Prout
945 1548 1030 1588 unus-

32 1614 165 1690 quisque
187 1616 312 1674 affectus
332 1626 385 1688 est,
407 1616 448 1675 ita
468 1615 606 1676 iudicat.»
649 1619 724 1677 Prae
746 1617 852 1676 ceteris
872 1635 944 1676 vero
965 1637 1029 1695 pas·

29 1704 171 1764 sionibus
199 1703 339 1764 omnibus
366 1707 470 1764 nimius
496 1726 579 1764 amor
604 1708 651 1764 sai
675 1706 723 1766 vel
750 1706 842 1764 animi
869 1707 1029 1766 obstinatio

32 1793 160 1853 errandi
182 1793 376 1853 occasionem
396 1796 522 1869 praebet
535 1795 551 1854 ¹.

96 1884 280 1943 Remedium
300 1884 429 1959 proinde
451 1884 560 1944 erroris
580 1885 611 1942 in
633 1886 785 1959 reflexione
812 1884 972 1961 praecipue
1001 1895 1031 1944 et

25 1981 109 2047 puro
128 1974 263 2031 veritatis
283 1991 380 2031 amore
399 1972 456 2032 erit
476 1972 698 2032 inveniendum.

427 2161 594 2209 Auricunus
614 2172 643 2209 11.

373 2272 422 2321 DE
441 2272 693 2322 CERTlTUDINE.

342 2411 360 2478 ξ
383 2427 404 2463 t.
436 2416 525 2465 Notio
545 2416 727 2467 certitudinis.

96 2538 256 2597 Certitudo
277 2538 430 2597 definitur:
444 2541 538 2615 firma
558 2541 658 2597 nantis
678 2541 810 2598 adhaesio
830 2541 873 2599 ad
883 2542 1028 2599 veritatem

35 2629 184 2699 cognitam.
228 2626 358 2702 Dicitur:

100 2835 109 2867 ¹
130 2838 184 2886 «La
199 2838 303 2903 passion
316 2838 377 2903 qu'il
390 2840 445 2889 faut
458 2839 587 2889 de'noncer
599 2840 743 2905 par-dessus
757 2850 818 2901 tout,
839 2840 902 2891 c'est
914 2844 1030 2892 l'amour·

33 2927 137 2983 propre,
166 2935 187 2967 c.
209 2915 224 2967 ὲ
243 2920 267 2969 d.
288 2918 393 2969 l'amour
416 2919 578 2970 de'sordonne
604 2922 635 2969 de
655 2920 783 2971 soi-meme
802 2939 861 2971 sous
884 2931 965 2971 toutes
990 2940 1030 2972 ses

39 3001 139 3059 formes,
159 3014 221 3047 avec
239 3015 280 3048 ses
293 3000 433 3065 exigences,
454 3016 494 3049 ses
508 3001 650 3062 industries,
670 3018 697 3051 sa
715 3002 838 3065 tyrannie.
865 3002 906 3051 On
919 3005 1031 3067 pourrait

41 3094 156 3127 ramener
180 3075 196 3125 ὲ
220 3078 428 3146 l'amour-propre
455 3089 537 3129 toutes
562 3080 600 3130 les
626 3097 713 3131 causes
732 3082 764 3129 de
792 3081 922 3133 l'illusion.
961 3084 1031 3132 C'est

42 3158 74 3207 lui
93 3158 137 3223 qui
156 3158 180 3207 le
199 3158 257 3223 plus
276 3169 382 3209 souvent
400 3161 484 3209 donne
502 3177 568 3225 pour
590 3177 654 3210 nous
680 3162 705 3210 la
730 3161 833 3211 couleur
858 3178 907 3210 aux
932 3163 1029 3222 choses,

42 3240 64 3287 la
82 3239 234 3305 proportion
252 3256 301 3287 aux
319 3241 488 3301 ivinements,
512 3241 549 3289 les
566 3241 673 3304 qualitcs
692 3250 717 3291 et
735 3241 772 3289 les
791 3242 891 3291 defauts
910 3258 957 3291 aux
976 3260 1030 3307 per·

43 3336 140 3369 sonnes.
177 3318 251 3368 Nous
268 3327 396 3385 trompant
414 3337 473 3369 sous
491 3336 538 3369 son
557 3320 697 3381 influence‚
724 3338 787 3370 nous
812 3338 877 3371 nous
900 3331 1030 3387 trompons
