2350 3700
116 123 169 185 384
315 134 355 170 DE
374 134 472 171 CAl'SlS
491 134 633 170 stultulus
654 133 749 169 MUNDI
770 134 919 171 CORPOREI.

175 284 348 354 Praeterea,
375 282 507 357 «inquo
526 281 648 341 atomici
670 283 777 340 frustra
797 282 965 353 desudant,
999 299 1054 340 cur
1073 280 1111 338 di-
1167 282 1168 289 ’

114 370 237 429 visionis
263 371 338 430 certi
363 371 496 447 denique
522 374 598 430 fines
619 389 684 431 esse
705 371 851 444 debeant,
881 371 1016 447 optimas
1040 372 1114 428 haec

115 460 264 520 sententia
291 459 438 535 siguificat
470 462 610 519 rationes.
661 463 843 519 Asseverant
876 460 960 519 euim
996 459 1114 536 physici

116 569 225 625 corpus
245 551 277 607 in
296 549 444 607 infinitum
463 549 557 609 dividi
577 568 640 631 non
656 567 752 625 posse.
789 550 850 608 Sed
868 550 893 607 si
906 550 1038 608 materia
1053 567 1114 607 non

116 640 236 698 realiter
255 659 275 697 a
293 640 392 697 forma
411 639 656 715 distingueretur,
685 640 703 697 i.
726 639 831 697 enisi
855 638 887 697 in
908 657 1043 715 corpore
1066 658 1115 697 na·

115 729 202 787 turali
229 728 339 787 inesset
365 729 525 805 quiddam,
554 729 653 805 quod,
681 739 714 787 ut
736 747 825 787 exse
846 728 1114 800 estinextensum,

116 818 159 875 ita
177 817 317 892 impedit,
341 836 381 876 ne
401 818 526 877 materia
546 813 637 893 (quae
658 836 695 877 ex
716 836 748 876 se
769 834 889 893 semper
909 817 1046 893 aliquam
1068 836 1116 875 ex·

117 906 286 965 tensionem
312 902 414 982 exigit)
441 908 479 965 sit
504 908 537 964 in
563 907 699 983 potentia
722 907 762 965 ad
782 907 987 965 extensionem
1010 925 1115 981 quam-

117 996 191 1054 libet
211 996 294 1053 omni
308 996 466 1055 exsistente
479 998 636 1067 minorem,
659 997 734 1054 ratio
749 996 908 1071 significari
921 1014 985 1055 nou
1000 1006 1114 1071 posset,

119 1104 172 1142 cur
201 1104 309 1160 corpus
338 1085 371 1143 in
399 1085 546 1143 infinitum
576 1084 724 1143 divisibile
754 1094 887 1160 negetur.
936 1086 1114 1159 Numquam

118 1173 209 1245 enim,
231 1174 314 1249 quod
335 1176 426 1250 exigit
444 1175 658 1245 extensionem,
680 1176 719 1233 ab
734 1174 907 1234 extensione
922 1174 1116 1249 quantumvis

117 1262 242 1321 minima
262 1282 300 1322 ex
319 1282 352 1322 se
372 1265 536 1323 abhorrere
556 1274 682 1340 potest>
701 1266 709 1297 ¹

178 1372 206 1423 4.
232 1352 347 1410 Certum
373 1354 491 1428 deus'que
517 1360 559 1411 est
583 1356 713 1411 entitates
739 1354 806 1411 illas
825 1354 944 1412 realiter
963 1353 1115 1410 distinctas

118 1460 175 1499 esse
196 1445 326 1499 entitates
345 1444 551 1501 substantiales.

180 1533 254 1589 Sunt
281 1532 363 1590 enim
387 1543 487 1607 partes
507 1523 600 1607 ipsius'
620 1551 685 1591 esse
706 1532 856 1608 corporis,
885 1532 969 1606 quod
990 1531 1116 1607 concipi

120 1620 212 1679 debet
231 1631 265 1689 ut
285 1623 464 1680 substratum
482 1621 617 1680 ultimum
640 1621 773 1679 omnium
793 1621 898 1679 virium
922 1632 952 1679 et
980 1621 1119 1697 proprie·

119 1719 212 1767 tatum
232 1712 376 1786 corporis,
397 1710 454 1769 nisi
474 1712 506 1768 in
526 1730 701 1787 processum
721 1710 753 1768 in
772 1712 919 1769 infinitum
939 1729 996 1769 nos
1015 1711 1118 1787 abripi

121 1800 278 1876 patiamur.

182 1907 209 1965 5.
238 1892 346 1948 Utrum
373 1909 445 1949 vero
475 1890 618 1949 materiae
648 1901 678 1948 et
706 1890 821 1949 formae
850 1900 956 1948 natura
987 1890 1116 1948 omnino

120 1979 188 2037 talis
214 1979 265 2049 sit,
295 1982 414 2054 qualem
441 1981 537 2056 ipsam
564 1979 734 2038 scholastici
763 1979 935 2039 describunt
963 1975 1005 2055 (p.
1032 1975 1114 2054 376),

120 2069 162 2126 ita
181 2079 214 2126 ut
233 2069 265 2126 in
279 2070 455 2145 corporibus
469 2068 642 2144 compositis
656 2068 749 2128 atomi
763 2071 979 2128 elementorum
993 2069 1116 2127 nonnisi

121 2157 284 2217 virtualiter
304 2169 335 2217 et
354 2160 385 2216 in
405 2158 541 2234 potentia
558 2158 702 2217 materiae
717 2169 859 2217 maneant
872 2177 979 2229 necne,
1002 2160 1116 2216 omnino

121 2254 194 2305 certo
214 2267 270 2306 non
290 2256 407 2317 canstat,
433 2248 512 2324 quia,
533 2257 675 2322 utsupra
697 2242 736 2322 (p.
758 2243 837 2321 38o)'
850 2246 1028 2318 monuimus,
1051 2266 1114 2304 non
1170 2267 1171 2334 q

122 2337 276 2396 evidenter
303 2348 429 2414 apparet
454 2336 633 2396 sententiam
655 2336 857 2395 atomistarum
878 2336 1115 2395 moderationum
1170 2339 1171 2360 ³

122 2427 277 2485 evidenter
296 2428 404 2486 rationi
424 2444 601 2502 repugnare.
635 2425 734 2484 Multa
754 2433 848 2484 tamen
863 2427 1043 2502 probabilior
1062 2427 1119 2482 bac
1170 2465 1171 2522 p

122 2518 153 2575 ire
179 2535 213 2573 re
239 2524 280 2573 est
304 2519 442 2575 sententia
467 2517 701 2574 scholasticorum.
750 2517 813 2574 Res
840 2516 921 2574 enim
951 2534 1116 2591 corporeas
1170 2569 1171 2594 ,

123 2607 208 2664 altius
237 2616 451 2681 perscrutatur:
481 2605 553 2681 quia
582 2604 621 2663 de
651 2604 767 2662 ratione
797 2604 956 2662 sufficienti
982 2604 1117 2679 ipsarum

123 2694 335 2754 condicionum
365 2695 547 2754 diversarum
579 2705 747 2752 atomorum
777 2693 1052 2764 combinationum,
1087 2704 1117 2751 et

124 2786 163 2842 de
192 2785 307 2844 ratione
334 2784 506 2858 specialium
533 2783 718 2842 diversarum
745 2792 913 2840 atomorum
937 2781 1047 2839 virium
1076 2783 1117 2839 in·
1170 2847 1171 2856 χ

124 2873 227 2948 quirit,
258 2892 349 2948 quam
379 2873 586 2948 quaestionem
613 2871 786 2930 atomismus
813 2870 999 2930 moderatior
1027 2872 1118 2930 tacite

124 2964 331 3039 praetervolat.
1170 3033 1171 3042 χ

183 3053 341 3108 Praeterea
367 3050 514 3125 principia
541 3052 592 3109 illa
619 3071 637 3108 a
656 3049 787 3125 physicis
810 3051 965 3124 praeclare
987 3049 1121 3108 stabilita
1170 3091 1171 3110 r

124 3138 162 3193 de
184 3137 349 3192 constantia
370 3138 511 3196 materiae
535 3149 565 3196 et
592 3140 630 3196 de
652 3139 820 3196 constantia
841 3139 983 3212 energiae
1005 3139 1039 3195 in
1061 3141 1122 3196 cla·
1170 3165 1171 3168 ¹

187 3309 193 3337 ¹
213 3312 287 3357 Pescla
305 3313 322 3360 l.
342 3329 363 3360 c.
383 3317 402 3372 l,
424 3328 484 3376 209.
