2350 3700
268 152 411 188 orvansan
431 150 613 188 sanranrma
632 151 848 187 aasrrnauron.
1002 140 1053 203 383

60 299 214 373 praeditis
257 300 402 372 Quaestio
432 301 513 358 enirn
543 299 678 375 praecise
707 298 828 375 ponitur
862 300 942 358 circa
975 300 1053 376 prin-

60 388 174 463 cipium
199 388 297 465 ipsum
324 390 442 448 illarum
468 388 682 448 condicionum
709 399 739 446 et
766 386 948 447 diversarum
974 408 1053 449 corn·

58 479 258 537 binationum.
287 479 448 552 Quaeritur
467 480 557 550 enim,
579 496 729 554 quaenam
749 477 787 535 sit
804 477 878 536 ratio
893 479 1051 552 sufficiens,

60 579 187 644 propter
209 587 299 643 quam
319 570 395 628 haec
417 570 519 628 omnia
538 568 580 626 ita
603 568 662 627 sint
676 566 841 639 constituta,
863 578 894 625 ut
908 578 967 626 tam
983 588 1052 628 con-

59 667 173 716 stanter
186 656 298 716 viribus
319 658 377 717 suis
392 659 431 718 ad
449 658 540 717 talem
559 656 731 715 finalitatem
751 658 799 715 vel
820 656 859 715 ad
880 658 970 715 talem
990 678 1057 717 mo·-

59 745 133 805 dum
156 746 278 805 essendi
299 748 540 807 conservandum
561 747 744 822 conspirent.

120 838 210 895 Haec
243 848 342 895 autem
376 837 511 912 quaestio
546 836 631 895 aliter
665 834 846 893 sufficienter
880 835 954 893 solvi
987 852 1051 894 non

9 993 10 1000 ἵ
59 936 173 1001 potest,
202 925 260 984 nisi
286 935 318 984 ut
344 926 534 985 admittamus
561 943 627 984 esse
654 924 686 981 in
714 924 797 982 omni
824 942 951 1000 corpore
973 925 1051 1001 prin·

9 1009 10 1028 *
59 1015 171 1089 cipium
193 1014 347 1089 quoddam
368 1016 606 1087 fundamentale,
635 1033 654 1071 a
675 1031 735 1088 quo
757 1031 862 1071 omnes
882 1025 981 1089 partes
1002 1016 1052 1072 ha-

58 1106 159 1177 beant,
181 1115 215 1162 ut
229 1104 288 1163 sint
300 1104 398 1163 taliter
410 1107 459 1163 vel
473 1104 571 1163 taliter
588 1102 773 1174 constitutae,
796 1113 826 1161 et
839 1123 856 1159 a
871 1120 931 1178 quo
946 1122 1050 1162 omnes

57 1193 144 1251 huius
165 1193 302 1269 corporis
330 1194 423 1266 vires,
452 1195 535 1270 quasi
563 1194 602 1251 ab
629 1192 719 1251 unico
748 1194 829 1250 sonte
859 1193 1049 1267 profluentes

9 1255 11 1344 i
57 1284 211 1341 adunam
231 1285 323 1341 finem
344 1283 516 1359 dirigantur.
546 1282 637 1356 Quod
659 1282 781 1357 quidem
802 1281 983 1358 principium
1000 1302 1051 1342 vo·

9 1379 10 1402 ¹
58 1392 162 1431 camus
184 1374 321 1431 formam.
532 1368 535 1371 ⁴

118 1482 147 1536 3.
169 1464 245 1521 Item
273 1470 376 1521 certum
403 1470 445 1521 est
463 1464 638 1539 principium
664 1462 812 1519 materiale
838 1463 868 1518 in
889 1464 1050 1537 corporibus

55 1553 177 1609 realiter
196 1552 335 1625 distingui
352 1570 374 1609 a
388 1554 529 1628 mitio
542 1543 678 1626 firmali.

117 1640 302 1717 halapiam
323 1642 404 1700 enim
424 1642 505 1713 illud,
528 1658 588 1717 quo
610 1644 650 1712 fit,
672 1651 704 1698 ut
724 1658 831 1715 corpus
853 1640 890 1698 sit
911 1641 1049 1701 diffusum

9 1715 10 1728 ¹
55 1748 111 1804 per
133 1731 271 1805 spatium,
292 1732 390 1801 timidi,
412 1733 528 1800 destrui,
550 1732 640 1789 allabi
659 1729 764 1805 possit,
788 1748 849 1787 non
871 1739 969 1804 potest
986 1750 1050 1791 esse

9 1819 13 1829 '
54 1837 89 1878 re
110 1817 195 1879 idem
215 1839 251 1879 ac
272 1820 461 1897 principium,
486 1820 568 1880 cuius
591 1820 739 1880 activitate
765 1817 845 1878 idem
866 1837 974 1896 corpus
994 1840 1050 1898 per

55 1920 158 1984 partes
172 1909 320 1981 diffusum,
340 1910 550 1983 destructibile,
573 1910 728 1981 divisibile,
752 1909 903 1967 communi
918 1911 1048 1985 quodam

54 1999 178 2058 vinculo
198 1999 231 2056 in
252 2018 305 2057 suo
322 2019 387 2059 esse
401 2001 518 2059 formali
533 2001 618 2060 simul
634 1997 851 2072 constringitur.
881 2000 958 2058 Nam
973 2002 1048 2060 haec

55 2087 159 2146 omnia
179 2089 220 2146 ita
241 2089 297 2147 sibi
318 2101 518 2166 opponuntur,
543 2100 575 2148 ut
595 2109 658 2149 non
680 2088 736 2148 nisi
757 2089 833 2146 inter
852 2087 925 2147 duas
940 2109 987 2149 res
1002 2111 1048 2150 ex-

55 2179 160 2236 sistere
182 2178 302 2254 concipi
325 2179 447 2254 possint.
490 2181 593 2238 Unum
615 2179 695 2238 enim
717 2189 746 2238 et
766 2177 847 2235 idem
868 2179 1047 2256 principium

9 2262 12 2297 '¹
55 2267 180 2343 physice
207 2267 348 2344 simplex,
378 2268 396 2328 i.
419 2287 445 2327 e.
468 2269 687 2345 compositione
708 2287 745 2327 ex
765 2266 897 2343 partibus
919 2271 1048 2346 physicis

55 2357 190 2416 immune
203 2359 221 2429 ¹,
249 2376 312 2416 non
339 2369 439 2434 potest
459 2376 523 2417 esse
545 2358 725 2434 principium
748 2377 818 2418 suae
842 2358 1047 2420 divisibilitatis

55 2457 87 2504 et
113 2446 323 2511 destructionis
343 2448 477 2505 simulet
501 2447 681 2523 principium
703 2465 772 2508 suae
793 2450 911 2508 unitatis
933 2458 962 2508 et
983 2469 1048 2526 per-

55 2535 229 2594 manentiae
256 2535 287 2594 in
315 2555 388 2596 esse.
431 2537 523 2611 Quod
551 2555 588 2595 ex
617 2555 654 2595 eo
675 2539 803 2598 maxime
825 2542 935 2611 elucet,
966 2541 1047 2614 quod

9 2622 10 2641 ¹
54 2625 130 2683 illud
158 2624 339 2700 principium
365 2625 530 2684 diffusionis
558 2635 588 2684 et
618 2627 769 2686 divisionis
799 2636 895 2687 manet
922 2630 975 2688 sub
1006 2628 1048 2689 di·

54 2713 149 2772 versis
169 2715 492 2787 transformationibuS,
525 2735 593 2774 cum
621 2717 717 2774 forma
745 2719 783 2776 ab
804 2719 870 2795 ipso
891 2727 1045 2795 separetur.

55 2804 175 2880 Corpus
196 2803 292 2874 enim,
316 2806 397 2880 quod
418 2806 651 2878 transformatur,
673 2825 735 2864 non
758 2808 943 2867 annihilatur.
987 2809 1047 2868 Sed

53 2911 135 2968 quae
156 2894 287 2969 separari
308 2905 443 2969 possunt,
465 2895 542 2954 haec
562 2905 645 2955 certo
667 2895 746 2956 inter
767 2916 798 2956 se
816 2898 933 2956 realiter
948 2898 1047 2958 distin-

54 2992 184 3057 guantur
205 2992 325 3057 oportet
336 2983 355 3042 ².

1169 172 1171 213 l

1169 226 1170 263 l

1169 286 1170 321 l

1169 380 1170 413 l

118 3178 128 3210 ¹
147 3181 187 3231 Cf.
207 3181 305 3246 Logica
323 3199 348 3248 p.
372 3181 430 3231 181.

116 3259 186 3310 ²Cf.
206 3263 282 3311 Pescle
300 3263 317 3312 l.
337 3279 359 3311 c.
380 3264 404 3322 I,
425 3262 484 3312 206.
516 3264 607 3322 Haan,
635 3265 726 3312 Philos.
752 3272 801 3314 nat.
822 3282 847 3328 p.
869 3277 921 3312 200
941 3274 966 3314 et
984 3279 1044 3316 201.

52 3343 165 3392 Lehmen
184 3342 201 3390 l.
222 3358 243 3390 c.
263 3358 288 3407 p.
312 3351 360 3404 152
380 3359 417 3406 sq.
