2350 3700
973 761 1204 826 PARS
1251 763 1613 826 TERTIA.

717 902 1852 990 METHODOLOGIA.

1010 1097 1574 1148 PRAENOTIONES.

426 1230 859 1292 Methodologia
913 1216 1182 1296 (μέθοδος
1235 1230 1296 1279 et
1336 1215 1515 1294 λόγος)
1558 1229 1648 1278 est
1701 1218 1801 1277 illa
1844 1218 2087 1295 logicae
2137 1237 2301 1294 parS,

306 1327 423 1383 qua
443 1319 772 1368 statuuntur
790 1311 1029 1384 regulae
1061 1311 1224 1368 circa
1241 1310 1607 1368 methodum.
1652 1311 1759 1367 Est
1777 1318 1975 1366 autem
1996 1308 2305 1365 methodus

306 1393 470 1474 (μετά
524 1409 585 1457 et
640 1394 822 1473 6660:
904 1401 1026 1470 via,
1081 1418 1254 1474 quam
1308 1416 1462 1456 mens
1512 1400 1672 1473 sequi
1720 1398 1879 1455 debet
1919 1399 1982 1455 in
2026 1399 2307 1454 scientiae

306 1488 612 1563 adeptione.

427 1575 761 1634 Dialectica
800 1577 960 1635 enim
1001 1587 1267 1636 mentem
1318 1576 1600 1635 informat
1652 1575 1982 1634 secundum
2025 1576 2300 1650 reguIaS,

307 1663 519 1739 quibus
576 1664 657 1723 uti
701 1665 883 1724 debet
924 1666 1002 1724 ad
1045 1665 1426 1741 operationes
1469 1683 1632 1735 suaS‚
1691 1663 2068 1722 ratiocinium
2117 1683 2323 1747 prae-

304 1754 523 1826 sertim,
569 1753 927 1829 eliciendas·
970 1754 1372 1829 criteriologia
1399 1772 1544 1814 vero
1585 1753 1662 1812 de
1691 1753 2059 1811 diversarum
2105 1751 2323 1830 facul-1

304 1853 488 1902 tatum
529 1842 859 1917 aptitudine
902 1843 1135 1902 disserit
1176 1843 1255 1903 ad
1296 1842 1606 1904 veritatem
1647 1841 2100 1915 inveniendam,
2155 1863 2304 1901 nec-

304 1950 429 1990 non
471 1951 677 1991 causas
719 1931 960 2008 detegit,
1008 1933 1222 2007 quibus
1250 1951 1420 1991 mens
1447 1933 1509 1989 in
1539 1949 1804 1991 errorem
1830 1930 2035 1990 induci
2076 1933 2300 2006 possit.

305 2021 761 2097 Methodologia
802 2022 1063 2097 denique
1106 2022 1316 2093 docet,
1377 2020 1685 2098 quomodo
1729 2021 2107 2097 cognitiones
2157 2022 2300 2079 illae

306 2129 517 2169 omnes
576 2110 639 2168 in
682 2111 848 2186 praxi
908 2109 1308 2187 applicandae
1367 2111 1513 2183 sint,
1575 2118 1643 2168 ut
1691 2111 1951 2169 ordinate
2009 2129 2173 2168 mens
2235 2049 2321 2168 in⁴

304 2202 544 2257 veritate
584 2200 920 2258 invenienda
949 2200 1235 2275 procedat.
1306 2200 1524 2258 Tribus
1566 2199 1857 2273 capitibus
1899 2199 2207 2258 dicemus:

480 2290 525 2347 Ι.
571 2290 665 2347 De
708 2289 996 2347 methodo
1038 2289 1317 2348 notiones
1359 2288 1737 2366 explanandi.

454 2379 530 2435 II.
575 2379 669 2436 De
713 2378 1000 2437 methodo
1041 2378 1420 2453 quaestiones
1462 2377 1734 2458 solvendi
1774 2377 1871 2435 vel
1911 2378 2114 2436 theses
2158 2384 2319 2470 pro

309 2466 512 2525 bandi.

429 2558 534 2614 III.
580 2556 675 2614 De
718 2555 1004 2614 methodo
1046 2554 1407 2631 disputandi.

1133 2724 1353 2783 CAPUT
1395 2740 1433 2781 1.

470 2849 582 2905 DE
624 2847 1046 2907 METHODO
1092 2847 1515 2906 NOTIONES
1557 2846 2126 2906 EXPLANANDI.

429 2978 529 3035 Ad
569 2978 847 3038 notiones
887 2979 1153 3054 perfecte
1196 2978 1646 3056 perspiciendas
1677 2978 2011 3053 requiritur,
2057 2990 2124 3037 ut
2164 2998 2281 3037 non
2314 3034 2315 3043 ,

308 3067 499 3125 solum
542 3086 745 3126 earum
774 3069 1200 3145 comprehensim
1245 3068 1351 3127 sed
1380 3068 1560 3127 etiam
1588 3069 1836 3125 extensio
1866 3081 2279 3143 cognoscatur.
2314 3049 2315 3106 ¹

310 3156 785 3230 Comprehensio
827 3176 971 3216 vero
1012 3158 1348 3216 declaratur
1389 3157 1562 3215 ideae
1601 3156 1973 3229 definitione,
2018 3158 2284 3217 extensio

308 3261 470 3309 vero,
515 3244 806 3303 divisione
847 3246 1059 3320 logica.

432 3330 518 3386 Sit
559 3347 703 3403 ergo
747 3333 824 3389 de
866 3334 957 3390 his
998 3334 1230 3390 duobus
1259 3332 1537 3391 notiones
1583 3333 1948 3408 explanandi
1991 3338 2196 3395 modis
2311 3285 2313 3426 A

671 3619 702 3672 „z
2309 3582 2311 3676 ἴ

309 3576 366 3670 ἦξῧῗ
