2350 3700
109 130 161 191 398
300 141 338 176 nn
357 140 455 178 causn
476 139 615 176 supensus
636 139 732 176 uuum
751 136 905 175 corenam.

388 438 444 495 DE
465 436 643 496 ORIGINE
665 436 813 495 MUNDI.

499 588 665 635 Annicuius
686 598 703 634 1.

249 702 298 751 DE
317 701 462 752 ORTUI
432 700 510 750 SIVE
529 702 578 750 DE
598 699 801 749 CREATIONE
820 699 949 748 MUNDI.

393 837 411 904 ξ
433 854 454 890 1.
487 843 530 890 De
549 842 625 890 iacto
645 839 804 890 creationis.

170 964 339 1038 Quaeritur,
360 971 457 1022 utrum
477 964 598 1023 nmndus
618 971 728 1021 creatus
747 964 785 1021 sit
804 980 894 1020 necne

166 1069 338 1130 Dubia.-
358 1069 485 1129 Videtur
504 1070 633 1129 mundus
653 1087 716 1127 non
737 1087 801 1128 esse
823 1078 950 1127 creatus.

172 1160 332 1219 Creauo
342 1178 423 1219 enim
433 1170 477 1218 est
486 1159 645 1236 producuo
654 1158 743 1218 otrus
752 1158 933 1217 substanuae
943 1156 1099 1216 exmhrlo
1170 1176 1171 1213 l

107 1248 167 1307 Sed
191 1266 244 1306 «ex
264 1250 353 1307 nihilo
373 1249 449 1308 itihil
456 1251 536 1327 fita:
558 1259 603 1307 est
624 1247 742 1307 axioma
763 1249 802 1306 ab
822 1247 962 1306 omnibus
982 1245 1101 1307 indubi-

107 1348 205 1396 tanter
217 1348 376 1414 acceptum
390 1348 421 1397 et
433 1337 563 1397 evidenti
578 1336 761 1413 experientia
770 1336 929 1395 universali
940 1338 1099 1395 firmatum.

108 1429 190 1501 Ergo
211 1428 324 1487 creatio
345 1436 389 1486 est
409 1425 608 1503 impossibilis.
1170 1482 1171 1489 ,

171 1537 196 1575 2.
218 1518 376 1575 Praeterea
392 1515 482 1574 «nihil
496 1515 636 1591 prohibet
649 1514 777 1573 inveniri
792 1532 854 1575 rem
869 1514 933 1573 sine
948 1532 996 1586 eo,
1016 1514 1102 1589 quod

107 1623 170 1664 non
196 1614 242 1664 est
271 1606 309 1663 de
339 1604 454 1663 ratione
473 1605 542 1680 -rei3
571 1604 646 1663 sicut
674 1604 828 1663 hominem
855 1605 919 1663 sine
947 1603 1101 1665 albedine.

109 1694 170 1753 Sed
198 1694 342 1752 habitudo
372 1694 483 1753 causati
511 1693 552 1751 ad
581 1711 702 1752 causam
731 1712 795 1751 non
821 1692 938 1751 videtur
965 1710 1032 1751 esse
1060 1693 1102 1752 de

108 1784 223 1842 ratione
252 1784 379 1856 entium,
408 1783 478 1859 quia
505 1782 569 1841 sine
597 1783 656 1841 hoc
684 1794 808 1859 possunt
833 1782 932 1858 aliqua
953 1781 1035 1841 entia
1058 1782 1103 1839 in·

1170 2279 1171 2316 l

1170 2317 1171 2354 l

1170 2359 1171 2386 l

518 314 681 372 a...
1127 204 1171 315 Ι

109 1873 216 1949 tellegi.
252 1875 334 1949 Ergo
348 1873 411 1932 sine
426 1873 486 1931 hoc
505 1883 631 1949 possunt
650 1891 724 1932 esse.
760 1873 842 1950 Ergo
863 1872 936 1930 nihil
957 1871 1102 1948 prohibet

109 1980 174 2021 esse
196 1963 294 2037 aliqua
315 1962 395 2021 entia
414 1980 477 2021 non
498 1972 599 2022 creata
619 1981 637 2020 a
658 1963 743 2020 Deo»
759 1963 775 2020 ¹.

168 2070 195 2125 3.
217 2051 320 2110 Tertio
341 2050 472 2126 denique
493 2050 621 2110 mundus
642 2050 757 2110 videtur
776 2061 868 2110 'certo
895 2068 959 2108 non
986 2051 1101 2110 habere

108 2151 205 2198 ortum
226 2140 264 2198 ab
285 2151 407 2199 auctore
427 2141 654 2216 sapientissime.
697 2141 757 2198 Tot
778 2139 857 2198 enim
879 2141 1028 2214 tantisque
1050 2140 1100 2200 de

108 2229 233 2288 iactibus
253 2226 435 2288 deformatus
461 2238 519 2300 est,
548 2229 599 2304 qui
621 2239 704 2288 certo
724 2247 786 2286 non
807 2239 914 2299 essent,
936 2229 960 2287 si
982 2239 1098 2288 creatus
1170 2259 1171 2278 .

108 2327 184 2377 esset
205 2318 333 2377 mundus
353 2319 391 2376 ab
412 2328 481 2377 ente
501 2317 618 2377 infinito
639 2329 669 2376 et
683 2307 888 2394 intellegentia
901 2327 932 2376 et
944 2319 1098 2377 voluntate

108 2406 255 2483 praedite.
297 2407 357 2466 Sed
378 2416 483 2466 contra
503 2416 548 2466 est
574 2408 626 2465 illa
645 2427 664 2464 a
688 2417 750 2466 tota
771 2406 881 2466 Schola
908 2419 1099 2483 propugnata
1170 2399 1171 2454 Ῐ

168 2577 286 2626 Thasia:
317 2567 448 2625 Mundus
475 2574 585 2625 creatus
612 2575 654 2625 est
678 2568 716 2624 ab
743 2574 803 2625 ente
822 2568 945 2642 quodam
965 2587 984 2624 a
1005 2585 1033 2625 se
1054 2586 1099 2626 ex·
1170 2533 1171 2564 Ι

108 2657 220 2714 sistente
240 2663 267 2713 et
280 2656 403 2732 proinde
422 2657 544 2732 infinito,
565 2657 644 2732 quod
659 2675 788 2715 vocamus
807 2656 912 2713 Deum.

169 2782 265 2830 status
284 2781 470 2844 quaestionis.
511 2772 594 2845 Quid
614 2772 651 2830 sit
678 2771 790 2830 creatio
817 2781 847 2830 et
875 2771 1030 2845 quomodo
1059 2771 1100 2829 di-

109 2860 272 2936 stinguatur
299 2881 317 2919 a
343 2863 553 2938 generatione,
582 2861 777 2920 recolendum
805 2870 849 2918 est
876 2877 913 2918 ex
941 2859 992 2932 iis,
1021 2877 1099 2934 quae
1170 2857 1171 2864 Ι

109 2969 199 3026 supra
219 2948 298 3008 dicta
318 2962 386 3009 sunt
406 2946 446 3026 (p.
469 2968 504 3024 37
510 2945 547 3026 5).

170 3038 386 3097 Contendimus
413 3038 540 3113 proinde
568 3039 712 3098 mundum
735 3037 884 3098 transiisse
905 3038 944 3097 de
965 3057 1022 3096 non
1044 3058 1099 3097 csse

108 3124 238 3190 adesse,
266 3124 358 3197 idque
379 3126 434 3196 ita,
463 3137 495 3183 ut
518 3145 581 3185 non
603 3125 698 3186 solim
719 3145 755 3186 ex
776 3128 869 3185 nihilo
891 3144 962 3185 suae
983 3128 1098 3188 formae
1170 3145 1171 3150 ’

171 3303 179 3331 ¹
198 3306 223 3355 S.
247 3308 341 3366 Thom„
361 3311 386 3358 S.
407 3313 483 3362 theol.
504 3316 523 3373 1,
543 3333 567 3379 q.
587 3331 631 3378 44,
651 3336 674 3368 a.
698 3333 719 3368 1.
