<?xml version="1.0" encoding="UTF-8"?>
<!DOCTYPE html PUBLIC "-//W3C//DTD XHTML 1.0 Transitional//EN"
    "http://www.w3.org/TR/xhtml1/DTD/xhtml1-transitional.dtd">
<html xmlns="http://www.w3.org/1999/xhtml" xml:lang="en" lang="en">
 <head>
  <title>
</title>
<meta http-equiv="Content-Type" content="text/html;charset=utf-8" />
  <meta name='ocr-system' content='tesseract 3.04.00' />
  <meta name='ocr-capabilities' content='ocr_page ocr_carea ocr_par ocr_line ocrx_word'/>
</head>
<body>
  <div class='ocr_page' id='page_1' title='image "./elementaphiloso00reingoog_0369.png"; bbox 0 0 2350 3700; ppageno 0'>
   <div class='ocr_carea' id='block_1_1' title="bbox 152 141 1054 194">
    <p class='ocr_par' dir='ltr' id='par_1_1' title="bbox 152 141 1054 194">
     <span class='ocr_line' id='line_1_1' title="bbox 152 141 1054 194; baseline 0 -14"><span class='ocrx_word' id='word_1_1' title='bbox 152 146 191 181; x_wconf 79' lang='lat' dir='ltr'><strong>DE</strong></span> <span class='ocrx_word' id='word_1_2' title='bbox 211 145 366 181; x_wconf 81' lang='lat' dir='ltr'><strong>CORPORUM</strong></span> <span class='ocrx_word' id='word_1_3' title='bbox 386 144 565 181; x_wconf 77' lang='lat' dir='ltr'><strong>PRAESENTIA</strong></span> <span class='ocrx_word' id='word_1_4' title='bbox 584 145 614 181; x_wconf 87' lang='lat' dir='ltr'><strong>IN</strong></span> <span class='ocrx_word' id='word_1_5' title='bbox 635 144 734 182; x_wconf 76' lang='lat' dir='ltr'>SPATIO</span> <span class='ocrx_word' id='word_1_6' title='bbox 753 144 807 181; x_wconf 83' lang='lat' dir='ltr'><strong>VEL</strong></span> <span class='ocrx_word' id='word_1_7' title='bbox 827 145 857 181; x_wconf 84' lang='lat' dir='ltr'><strong>IN</strong></span> <span class='ocrx_word' id='word_1_8' title='bbox 878 144 958 181; x_wconf 81' lang='lat' dir='ltr'><strong>Loco.</strong></span> <span class='ocrx_word' id='word_1_9' title='bbox 1004 141 1054 194; x_wconf 80' lang='grc'><strong>337</strong></span> 
     </span>
    </p>
   </div>
   <div class='ocr_carea' id='block_1_2' title="bbox 71 290 1058 815">
    <p class='ocr_par' dir='ltr' id='par_1_2' title="bbox 71 290 1058 815">
     <span class='ocr_line' id='line_1_2' title="bbox 127 290 1056 368; baseline 0.001 -18"><span class='ocrx_word' id='word_1_10' title='bbox 127 293 306 368; x_wconf 88' lang='lat' dir='ltr'><strong>Exemplum</strong></span> <span class='ocrx_word' id='word_1_11' title='bbox 327 291 412 351; x_wconf 92' lang='lat' dir='ltr'><strong>huius</strong></span> <span class='ocrx_word' id='word_1_12' title='bbox 432 290 476 351; x_wconf 91' lang='lat' dir='ltr'><strong>rei</strong></span> <span class='ocrx_word' id='word_1_13' title='bbox 497 292 636 351; x_wconf 84' lang='lat' dir='ltr'><strong>sensibile</strong></span> <span class='ocrx_word' id='word_1_14' title='bbox 654 302 683 351; x_wconf 91' lang='lat' dir='ltr'><strong>et</strong></span> <span class='ocrx_word' id='word_1_15' title='bbox 703 291 831 368; x_wconf 85' lang='lat' dir='ltr'>proinde</span> <span class='ocrx_word' id='word_1_16' title='bbox 850 292 1056 368; x_wconf 82' lang='lat' dir='ltr'><strong>imperfectum</strong></span> 
     </span>
     <span class='ocr_line' id='line_1_3' title="bbox 71 381 1057 458; baseline 0.001 -19"><span class='ocrx_word' id='word_1_17' title='bbox 71 382 211 441; x_wconf 89' lang='lat' dir='ltr'><strong>habemus</strong></span> <span class='ocrx_word' id='word_1_18' title='bbox 231 382 264 440; x_wconf 92' lang='lat' dir='ltr'><strong>in</strong></span> <span class='ocrx_word' id='word_1_19' title='bbox 284 401 375 453; x_wconf 87' lang='lat' dir='ltr'><strong>sono,</strong></span> <span class='ocrx_word' id='word_1_20' title='bbox 404 383 455 456; x_wconf 85' lang='lat' dir='ltr'><strong>qui</strong></span> <span class='ocrx_word' id='word_1_21' title='bbox 476 391 554 440; x_wconf 87' lang='lat' dir='ltr'><strong>totus</strong></span> <span class='ocrx_word' id='word_1_22' title='bbox 575 392 619 440; x_wconf 90' lang='lat' dir='ltr'><strong>est</strong></span> <span class='ocrx_word' id='word_1_23' title='bbox 639 381 716 441; x_wconf 90' lang='lat' dir='ltr'><strong>intra</strong></span> <span class='ocrx_word' id='word_1_24' title='bbox 743 381 872 456; x_wconf 84' lang='lat' dir='ltr'>aliquam</span> <span class='ocrx_word' id='word_1_25' title='bbox 900 382 1057 458; x_wconf 85' lang='lat' dir='ltr'><strong>sphaeram</strong></span> 
     </span>
     <span class='ocr_line' id='line_1_4' title="bbox 71 471 1058 546; baseline 0 -17"><span class='ocrx_word' id='word_1_26' title='bbox 71 482 98 529; x_wconf 89' lang='lat' dir='ltr'><strong>et</strong></span> <span class='ocrx_word' id='word_1_27' title='bbox 117 472 206 530; x_wconf 91' lang='lat' dir='ltr'><strong>etiam</strong></span> <span class='ocrx_word' id='word_1_28' title='bbox 230 472 362 546; x_wconf 87' lang='lat' dir='ltr'><strong>quodam</strong></span> <span class='ocrx_word' id='word_1_29' title='bbox 382 471 474 529; x_wconf 91' lang='lat' dir='ltr'><strong>modo</strong></span> <span class='ocrx_word' id='word_1_30' title='bbox 503 482 580 529; x_wconf 91' lang='lat' dir='ltr'><strong>totus</strong></span> <span class='ocrx_word' id='word_1_31' title='bbox 607 471 638 529; x_wconf 90' lang='lat' dir='ltr'><strong>in</strong></span> <span class='ocrx_word' id='word_1_32' title='bbox 667 471 788 546; x_wconf 89' lang='lat' dir='ltr'><strong>singulis</strong></span> <span class='ocrx_word' id='word_1_33' title='bbox 815 471 955 546; x_wconf 87' lang='lat' dir='ltr'><strong>partibus.</strong></span> <span class='ocrx_word' id='word_1_34' title='bbox 998 473 1058 530; x_wconf 93' lang='lat' dir='ltr'><strong>No·</strong></span> 
     </span>
     <span class='ocr_line' id='line_1_5' title="bbox 71 560 1056 636; baseline 0.001 -18"><span class='ocrx_word' id='word_1_35' title='bbox 71 560 192 618; x_wconf 89' lang='lat' dir='ltr'><strong>tandum</strong></span> <span class='ocrx_word' id='word_1_36' title='bbox 219 571 335 632; x_wconf 88' lang='lat' dir='ltr'><strong>tamen,</strong></span> <span class='ocrx_word' id='word_1_37' title='bbox 364 578 429 619; x_wconf 89' lang='lat' dir='ltr'><strong>esse</strong></span> <span class='ocrx_word' id='word_1_38' title='bbox 457 560 566 636; x_wconf 86' lang='lat' dir='ltr'><strong>gradus</strong></span> <span class='ocrx_word' id='word_1_39' title='bbox 592 560 643 619; x_wconf 89' lang='lat' dir='ltr'><strong>tali</strong></span> <span class='ocrx_word' id='word_1_40' title='bbox 664 560 756 619; x_wconf 93' lang='lat' dir='ltr'><strong>modo</strong></span> <span class='ocrx_word' id='word_1_41' title='bbox 778 560 896 619; x_wconf 85' lang='lat' dir='ltr'><strong>essendi</strong></span> <span class='ocrx_word' id='word_1_42' title='bbox 919 560 951 617; x_wconf 93' lang='lat' dir='ltr'><strong>in</strong></span> <span class='ocrx_word' id='word_1_43' title='bbox 978 562 1056 619; x_wconf 92' lang='lat' dir='ltr'><strong>loc0.</strong></span> 
     </span>
     <span class='ocr_line' id='line_1_6' title="bbox 72 649 1058 725; baseline 0.001 -18"><span class='ocrx_word' id='word_1_44' title='bbox 72 651 204 725; x_wconf 86' lang='lat' dir='ltr'><strong>Angelus</strong></span> <span class='ocrx_word' id='word_1_45' title='bbox 224 649 305 707; x_wconf 91' lang='lat' dir='ltr'><strong>enim</strong></span> <span class='ocrx_word' id='word_1_46' title='bbox 326 668 352 707; x_wconf 88' lang='lat' dir='ltr'><strong>e.</strong></span> <span class='ocrx_word' id='word_1_47' title='bbox 374 668 402 723; x_wconf 86' lang='lat' dir='ltr'><strong>g.</strong></span> <span class='ocrx_word' id='word_1_48' title='bbox 424 667 548 708; x_wconf 89' lang='lat' dir='ltr'><strong>movens</strong></span> <span class='ocrx_word' id='word_1_49' title='bbox 569 649 692 725; x_wconf 88' lang='lat' dir='ltr'><strong>aliquod</strong></span> <span class='ocrx_word' id='word_1_50' title='bbox 721 668 829 724; x_wconf 91' lang='lat' dir='ltr'><strong>corpus</strong></span> <span class='ocrx_word' id='word_1_51' title='bbox 856 668 918 707; x_wconf 89' lang='lat' dir='ltr'><strong>non</strong></span> <span class='ocrx_word' id='word_1_52' title='bbox 949 649 1058 708; x_wconf 90' lang='lat' dir='ltr'><strong>eodem</strong></span> 
     </span>
     <span class='ocr_line' id='line_1_7' title="bbox 71 738 802 815; baseline -0.001 -18"><span class='ocrx_word' id='word_1_53' title='bbox 71 739 160 797; x_wconf 89' lang='lat' dir='ltr'><strong>modo</strong></span> <span class='ocrx_word' id='word_1_54' title='bbox 181 756 325 815; x_wconf 90' lang='lat' dir='ltr'><strong>praesens</strong></span> <span class='ocrx_word' id='word_1_55' title='bbox 347 749 391 797; x_wconf 90' lang='lat' dir='ltr'><strong>est</strong></span> <span class='ocrx_word' id='word_1_56' title='bbox 410 738 468 815; x_wconf 91' lang='lat' dir='ltr'><strong>ipsi</strong></span> <span class='ocrx_word' id='word_1_57' title='bbox 489 738 609 814; x_wconf 89' lang='lat' dir='ltr'><strong>corpori</strong></span> <span class='ocrx_word' id='word_1_58' title='bbox 631 757 691 814; x_wconf 91' lang='lat' dir='ltr'><strong>quo</strong></span> <span class='ocrx_word' id='word_1_59' title='bbox 713 740 802 797; x_wconf 92' lang='lat' dir='ltr'><strong>Deus.</strong></span> 
     </span>
    </p>
   </div>
   <div class='ocr_carea' id='block_1_3' title="bbox 71 834 1085 1268">
    <p class='ocr_par' dir='ltr' id='par_1_3' title="bbox 71 834 1085 1268">
     <span class='ocr_line' id='line_1_8' title="bbox 130 834 1059 911; baseline 0 -18"><span class='ocrx_word' id='word_1_60' title='bbox 130 856 156 910; x_wconf 87' lang='lat'><strong>3.</strong></span> <span class='ocrx_word' id='word_1_61' title='bbox 185 836 350 911; x_wconf 88' lang='lat' dir='ltr'><strong>Theologi,</strong></span> <span class='ocrx_word' id='word_1_62' title='bbox 378 848 502 911; x_wconf 89' lang='lat' dir='ltr'><strong>propter</strong></span> <span class='ocrx_word' id='word_1_63' title='bbox 522 837 694 911; x_wconf 86' lang='lat' dir='ltr'><strong>mysterium</strong></span> <span class='ocrx_word' id='word_1_64' title='bbox 716 834 923 895; x_wconf 85' lang='lat' dir='ltr'><strong>Sanctissimae</strong></span> <span class='ocrx_word' id='word_1_65' title='bbox 945 836 1059 894; x_wconf 91' lang='lat' dir='ltr'><strong>Eucha-</strong></span> 
     </span>
     <span class='ocr_line' id='line_1_9' title="bbox 71 924 1059 1000; baseline -0.003 -17"><span class='ocrx_word' id='word_1_66' title='bbox 71 926 176 996; x_wconf 88' lang='lat' dir='ltr'><strong>ristiae,</strong></span> <span class='ocrx_word' id='word_1_67' title='bbox 192 926 311 983; x_wconf 89' lang='lat' dir='ltr'><strong>tertium</strong></span> <span class='ocrx_word' id='word_1_68' title='bbox 326 925 509 1000; x_wconf 87' lang='lat' dir='ltr'><strong>distinguunt</strong></span> <span class='ocrx_word' id='word_1_69' title='bbox 521 925 645 983; x_wconf 93' lang='lat' dir='ltr'><strong>modum</strong></span> <span class='ocrx_word' id='word_1_70' title='bbox 660 924 778 984; x_wconf 90' lang='lat' dir='ltr'><strong>essendi</strong></span> <span class='ocrx_word' id='word_1_71' title='bbox 792 925 823 981; x_wconf 89' lang='lat' dir='ltr'><strong>in</strong></span> <span class='ocrx_word' id='word_1_72' title='bbox 838 926 915 997; x_wconf 82' lang='lat' dir='ltr'><strong>loc0,</strong></span> <span class='ocrx_word' id='word_1_73' title='bbox 930 943 994 983; x_wconf 89' lang='lat' dir='ltr'><strong>esse</strong></span> <span class='ocrx_word' id='word_1_74' title='bbox 1007 924 1059 983; x_wconf 89' lang='lat' dir='ltr'><strong>sci·</strong></span> 
     </span>
     <span class='ocr_line' id='line_1_10' title="bbox 71 1002 1085 1089; baseline 0.001 -19"><span class='ocrx_word' id='word_1_75' title='bbox 71 1014 139 1071; x_wconf 91' lang='lat' dir='ltr'><strong>licet</strong></span> <span class='ocrx_word' id='word_1_76' title='bbox 146 1015 393 1072; x_wconf 86' lang='lat' dir='ltr'><strong>sacramentaliter</strong></span> <span class='ocrx_word' id='word_1_77' title='bbox 400 1016 448 1073; x_wconf 92' lang='lat' dir='ltr'><strong>vel</strong></span> <span class='ocrx_word' id='word_1_78' title='bbox 457 1016 506 1071; x_wconf 84' lang='lat' dir='ltr'><strong>ubi</strong></span> <span class='ocrx_word' id='word_1_79' title='bbox 517 1016 720 1073; x_wconf 85' lang='lat' dir='ltr'><strong>sacramentale</strong></span> <span class='ocrx_word' id='word_1_80' title='bbox 728 1036 737 1071; x_wconf 91' lang='grc'><strong>,·</strong></span> <span class='ocrx_word' id='word_1_81' title='bbox 751 1013 804 1089; x_wconf 90' lang='lat' dir='ltr'><strong>qui</strong></span> <span class='ocrx_word' id='word_1_82' title='bbox 813 1023 857 1072; x_wconf 88' lang='lat' dir='ltr'><strong>est</strong></span> <span class='ocrx_word' id='word_1_83' title='bbox 868 1008 983 1084; x_wconf 76' lang='lat' dir='ltr'><strong>modin,</strong></span> <span class='ocrx_word' id='word_1_84' title='bbox 999 1032 1059 1088; x_wconf 92' lang='lat' dir='ltr'><strong>quo</strong></span> <span class='ocrx_word' id='word_1_85' title='bbox 1082 1002 1085 1013; x_wconf 50' lang='grc'><strong>“</strong></span> 
     </span>
     <span class='ocr_line' id='line_1_11' title="bbox 72 1102 1060 1179; baseline 0 -19"><span class='ocrx_word' id='word_1_86' title='bbox 72 1122 179 1179; x_wconf 86' lang='lat' dir='ltr'><strong>corpus</strong></span> <span class='ocrx_word' id='word_1_87' title='bbox 201 1113 247 1161; x_wconf 86' lang='lat' dir='ltr'><strong>est</strong></span> <span class='ocrx_word' id='word_1_88' title='bbox 266 1102 297 1159; x_wconf 92' lang='lat' dir='ltr'><strong>in</strong></span> <span class='ocrx_word' id='word_1_89' title='bbox 311 1104 380 1161; x_wconf 93' lang='lat' dir='ltr'><strong>loco</strong></span> <span class='ocrx_word' id='word_1_90' title='bbox 394 1104 557 1163; x_wconf 85' lang='lat' dir='ltr'><strong>secundum</strong></span> <span class='ocrx_word' id='word_1_91' title='bbox 572 1102 776 1162; x_wconf 88' lang='lat' dir='ltr'><strong>extensionem</strong></span> <span class='ocrx_word' id='word_1_92' title='bbox 791 1104 933 1161; x_wconf 81' lang='lat' dir='ltr'><strong>internam</strong></span> <span class='ocrx_word' id='word_1_93' title='bbox 947 1112 1060 1161; x_wconf 89' lang='lat' dir='ltr'><strong>tantum</strong></span> 
     </span>
     <span class='ocr_line' id='line_1_12' title="bbox 72 1192 990 1268; baseline -0.001 -18"><span class='ocrx_word' id='word_1_94' title='bbox 72 1203 101 1250; x_wconf 90' lang='lat' dir='ltr'><strong>et</strong></span> <span class='ocrx_word' id='word_1_95' title='bbox 121 1192 252 1268; x_wconf 86' lang='lat' dir='ltr'><strong>proinde</strong></span> <span class='ocrx_word' id='word_1_96' title='bbox 273 1192 338 1250; x_wconf 90' lang='lat' dir='ltr'><strong>sine</strong></span> <span class='ocrx_word' id='word_1_97' title='bbox 359 1193 651 1252; x_wconf 87' lang='lat' dir='ltr'><strong>commensuratione</strong></span> <span class='ocrx_word' id='word_1_98' title='bbox 672 1192 800 1268; x_wconf 89' lang='lat' dir='ltr'><strong>partium</strong></span> <span class='ocrx_word' id='word_1_99' title='bbox 822 1192 861 1249; x_wconf 91' lang='lat' dir='ltr'><strong>ad</strong></span> <span class='ocrx_word' id='word_1_100' title='bbox 882 1193 990 1250; x_wconf 89' lang='lat' dir='ltr'><strong>locum.</strong></span> 
     </span>
    </p>
   </div>
   <div class='ocr_carea' id='block_1_4' title="bbox 144 1387 983 1595">
    <p class='ocr_par' dir='ltr' id='par_1_4' title="bbox 144 1387 983 1595">
     <span class='ocr_line' id='line_1_13' title="bbox 144 1387 983 1455; baseline 0.005 -18"><span class='ocrx_word' id='word_1_101' title='bbox 144 1387 162 1454; x_wconf 66' lang='grc' dir='ltr'><strong>ξ</strong></span> <span class='ocrx_word' id='word_1_102' title='bbox 182 1403 206 1439; x_wconf 90' lang='lat'><strong>2.</strong></span> <span class='ocrx_word' id='word_1_103' title='bbox 239 1393 283 1439; x_wconf 84' lang='lat' dir='ltr'><strong>De</strong></span> <span class='ocrx_word' id='word_1_104' title='bbox 303 1392 560 1454; x_wconf 84' lang='lat' dir='ltr'><strong>compenetratione</strong></span> <span class='ocrx_word' id='word_1_105' title='bbox 580 1399 608 1440; x_wconf 84' lang='lat' dir='ltr'><strong>et</strong></span> <span class='ocrx_word' id='word_1_106' title='bbox 626 1392 809 1455; x_wconf 77' lang='lat' dir='ltr'><strong>replicatione</strong></span> <span class='ocrx_word' id='word_1_107' title='bbox 828 1406 983 1455; x_wconf 84' lang='lat' dir='ltr'><strong>corporum.</strong></span> 
     </span>
     <span class='ocr_line' id='line_1_14' title="bbox 328 1533 804 1595; baseline 0 -15"><span class='ocrx_word' id='word_1_108' title='bbox 328 1545 349 1581; x_wconf 91' lang='lat'><strong>1.</strong></span> <span class='ocrx_word' id='word_1_109' title='bbox 375 1533 415 1582; x_wconf 82' lang='lat' dir='ltr'><strong>De</strong></span> <span class='ocrx_word' id='word_1_110' title='bbox 434 1534 649 1595; x_wconf 83' lang='lat' dir='ltr'><strong>compenetratione</strong></span> <span class='ocrx_word' id='word_1_111' title='bbox 667 1540 804 1595; x_wconf 85' lang='lat' dir='ltr'><strong>corporum.</strong></span> 
     </span>
    </p>
   </div>
   <div class='ocr_carea' id='block_1_5' title="bbox 72 1662 1063 2187">
    <p class='ocr_par' dir='ltr' id='par_1_5' title="bbox 72 1662 1063 2187">
     <span class='ocr_line' id='line_1_15' title="bbox 133 1662 1062 1740; baseline 0 -19"><span class='ocrx_word' id='word_1_112' title='bbox 133 1662 304 1721; x_wconf 86' lang='lat' dir='ltr'><strong>Universali</strong></span> <span class='ocrx_word' id='word_1_113' title='bbox 325 1664 508 1740; x_wconf 86' lang='lat' dir='ltr'><strong>experientia</strong></span> <span class='ocrx_word' id='word_1_114' title='bbox 526 1665 681 1723; x_wconf 86' lang='lat' dir='ltr'><strong>evidenter</strong></span> <span class='ocrx_word' id='word_1_115' title='bbox 695 1674 881 1740; x_wconf 88' lang='lat' dir='ltr'><strong>compertum</strong></span> <span class='ocrx_word' id='word_1_116' title='bbox 896 1675 941 1723; x_wconf 88' lang='lat' dir='ltr'><strong>est</strong></span> <span class='ocrx_word' id='word_1_117' title='bbox 954 1680 1062 1739; x_wconf 86' lang='lat' dir='ltr'><strong>corpus</strong></span> 
     </span>
     <span class='ocr_line' id='line_1_16' title="bbox 72 1751 1062 1829; baseline 0.003 -21"><span class='ocrx_word' id='word_1_118' title='bbox 72 1751 229 1825; x_wconf 89' lang='lat' dir='ltr'><strong>quoddam</strong></span> <span class='ocrx_word' id='word_1_119' title='bbox 249 1754 384 1812; x_wconf 86' lang='lat' dir='ltr'><strong>localiter</strong></span> <span class='ocrx_word' id='word_1_120' title='bbox 404 1765 558 1812; x_wconf 90' lang='lat' dir='ltr'><strong>extensum</strong></span> <span class='ocrx_word' id='word_1_121' title='bbox 579 1772 682 1813; x_wconf 88' lang='lat' dir='ltr'><strong>arcere</strong></span> <span class='ocrx_word' id='word_1_122' title='bbox 704 1772 822 1829; x_wconf 91' lang='lat' dir='ltr'><strong>semper</strong></span> <span class='ocrx_word' id='word_1_123' title='bbox 845 1754 925 1813; x_wconf 92' lang='lat' dir='ltr'><strong>aliud</strong></span> <span class='ocrx_word' id='word_1_124' title='bbox 954 1770 1062 1829; x_wconf 88' lang='lat' dir='ltr'><strong>corpus</strong></span> 
     </span>
     <span class='ocr_line' id='line_1_17' title="bbox 73 1842 1060 1919; baseline 0.002 -21"><span class='ocrx_word' id='word_1_125' title='bbox 73 1861 91 1898; x_wconf 90' lang='lat' dir='ltr'><strong>a</strong></span> <span class='ocrx_word' id='word_1_126' title='bbox 112 1842 182 1900; x_wconf 90' lang='lat' dir='ltr'><strong>loco</strong></span> <span class='ocrx_word' id='word_1_127' title='bbox 203 1861 272 1914; x_wconf 86' lang='lat' dir='ltr'><strong>suo,</strong></span> <span class='ocrx_word' id='word_1_128' title='bbox 303 1862 341 1901; x_wconf 95' lang='lat' dir='ltr'><strong>ne</strong></span> <span class='ocrx_word' id='word_1_129' title='bbox 370 1842 455 1902; x_wconf 92' lang='lat' dir='ltr'><strong>simul</strong></span> <span class='ocrx_word' id='word_1_130' title='bbox 476 1862 543 1900; x_wconf 92' lang='lat' dir='ltr'><strong>cum</strong></span> <span class='ocrx_word' id='word_1_131' title='bbox 564 1842 630 1918; x_wconf 92' lang='lat' dir='ltr'><strong>ipso</strong></span> <span class='ocrx_word' id='word_1_132' title='bbox 652 1844 782 1903; x_wconf 89' lang='lat' dir='ltr'><strong>eundem</strong></span> <span class='ocrx_word' id='word_1_133' title='bbox 803 1844 903 1902; x_wconf 93' lang='lat' dir='ltr'><strong>locum</strong></span> <span class='ocrx_word' id='word_1_134' title='bbox 924 1853 1060 1919; x_wconf 89' lang='lat' dir='ltr'><strong>occupet.</strong></span> 
     </span>
     <span class='ocr_line' id='line_1_18' title="bbox 72 1932 1062 2010; baseline 0.003 -23"><span class='ocrx_word' id='word_1_135' title='bbox 72 1932 244 2006; x_wconf 79' lang='lat' dir='ltr'><strong>Proprietas</strong></span> <span class='ocrx_word' id='word_1_136' title='bbox 263 1951 346 2003; x_wconf 84' lang='lat' dir='ltr'><strong>aero,</strong></span> <span class='ocrx_word' id='word_1_137' title='bbox 374 1952 432 2007; x_wconf 79' lang='lat' dir='ltr'><strong>qua</strong></span> <span class='ocrx_word' id='word_1_138' title='bbox 443 1934 501 2008; x_wconf 86' lang='lat' dir='ltr'><strong>fit,</strong></span> <span class='ocrx_word' id='word_1_139' title='bbox 530 1940 563 1990; x_wconf 84' lang='lat' dir='ltr'><strong>ut</strong></span> <span class='ocrx_word' id='word_1_140' title='bbox 582 1942 681 2010; x_wconf 78' lang='lat' dir='ltr'><strong>corpus</strong></span> <span class='ocrx_word' id='word_1_141' title='bbox 700 1934 839 2008; x_wconf 82' lang='lat' dir='ltr'><strong>quoddam</strong></span> <span class='ocrx_word' id='word_1_142' title='bbox 866 1934 992 1991; x_wconf 82' lang='lat' dir='ltr'><strong>localiter</strong></span> <span class='ocrx_word' id='word_1_143' title='bbox 1018 1951 1062 1990; x_wconf 87' lang='lat' dir='ltr'><strong>ex·</strong></span> 
     </span>
     <span class='ocr_line' id='line_1_19' title="bbox 73 2023 1063 2098; baseline 0.002 -21"><span class='ocrx_word' id='word_1_144' title='bbox 73 2027 184 2078; x_wconf 77' lang='lat' dir='ltr'><strong>tensum</strong></span> <span class='ocrx_word' id='word_1_145' title='bbox 204 2030 301 2080; x_wconf 86' lang='lat' dir='ltr'><strong>arceat</strong></span> <span class='ocrx_word' id='word_1_146' title='bbox 319 2023 403 2080; x_wconf 87' lang='lat' dir='ltr'><strong>aliud</strong></span> <span class='ocrx_word' id='word_1_147' title='bbox 419 2031 518 2098; x_wconf 81' lang='lat' dir='ltr'><strong>corpus</strong></span> <span class='ocrx_word' id='word_1_148' title='bbox 538 2042 557 2079; x_wconf 87' lang='lat' dir='ltr'><strong>a</strong></span> <span class='ocrx_word' id='word_1_149' title='bbox 576 2023 634 2080; x_wconf 88' lang='lat' dir='ltr'><strong>loco</strong></span> <span class='ocrx_word' id='word_1_150' title='bbox 654 2042 718 2092; x_wconf 85' lang='lat' dir='ltr'><strong>suo,</strong></span> <span class='ocrx_word' id='word_1_151' title='bbox 746 2041 780 2080; x_wconf 88' lang='lat' dir='ltr'><strong>ne</strong></span> <span class='ocrx_word' id='word_1_152' title='bbox 807 2023 894 2080; x_wconf 72' lang='lat' dir='ltr'><strong>samael</strong></span> <span class='ocrx_word' id='word_1_153' title='bbox 917 2041 976 2079; x_wconf 82' lang='lat' dir='ltr'><strong>oum</strong></span> <span class='ocrx_word' id='word_1_154' title='bbox 1003 2024 1063 2096; x_wconf 79' lang='lat' dir='ltr'><strong>ipso</strong></span> 
     </span>
     <span class='ocr_line' id='line_1_20' title="bbox 73 2111 838 2187; baseline 0.005 -21"><span class='ocrx_word' id='word_1_155' title='bbox 73 2111 191 2167; x_wconf 78' lang='lat' dir='ltr'><strong>eundem</strong></span> <span class='ocrx_word' id='word_1_156' title='bbox 211 2112 300 2169; x_wconf 85' lang='lat' dir='ltr'><strong>locum</strong></span> <span class='ocrx_word' id='word_1_157' title='bbox 320 2117 435 2187; x_wconf 80' lang='lat' dir='ltr'><strong>ocoapet,</strong></span> <span class='ocrx_word' id='word_1_158' title='bbox 457 2112 562 2168; x_wconf 82' lang='lat' dir='ltr'><strong>dr&#39;citur</strong></span> <span class='ocrx_word' id='word_1_159' title='bbox 580 2113 838 2187; x_wconf 78' lang='lat' dir='ltr'><strong>impenetrabiliter.</strong></span> 
     </span>
    </p>
   </div>
   <div class='ocr_carea' id='block_1_6' title="bbox 11 2209 1063 2373">
    <p class='ocr_par' dir='ltr' id='par_1_6' title="bbox 11 2209 1063 2373">
     <span class='ocr_line' id='line_1_21' title="bbox 137 2209 1063 2286; baseline 0.001 -21"><span class='ocrx_word' id='word_1_160' title='bbox 137 2210 405 2283; x_wconf 89' lang='lat' dir='ltr'><strong>Impenetrabilitas</strong></span> <span class='ocrx_word' id='word_1_161' title='bbox 425 2209 552 2284; x_wconf 90' lang='lat' dir='ltr'><strong>proinde</strong></span> <span class='ocrx_word' id='word_1_162' title='bbox 570 2220 614 2268; x_wconf 90' lang='lat' dir='ltr'><strong>est</strong></span> <span class='ocrx_word' id='word_1_163' title='bbox 628 2210 802 2286; x_wconf 87' lang='lat' dir='ltr'><strong>proprietas,</strong></span> <span class='ocrx_word' id='word_1_164' title='bbox 825 2228 902 2284; x_wconf 90' lang='lat' dir='ltr'><strong>quae</strong></span> <span class='ocrx_word' id='word_1_165' title='bbox 916 2210 1063 2267; x_wconf 82' lang='lat' dir='ltr'><strong>semndma</strong></span> 
     </span>
     <span class='ocr_line' id='line_1_22' title="bbox 11 2299 723 2373; baseline 0.004 -20"><span class='ocrx_word' id='word_1_166' title='bbox 11 2358 12 2363; x_wconf 8' lang='grc' dir='ltr'>χ</span> <span class='ocrx_word' id='word_1_167' title='bbox 73 2299 163 2371; x_wconf 78' lang='lat' dir='ltr'><strong>legem</strong></span> <span class='ocrx_word' id='word_1_168' title='bbox 184 2306 306 2355; x_wconf 86' lang='lat' dir='ltr'><strong>naturae</strong></span> <span class='ocrx_word' id='word_1_169' title='bbox 326 2299 409 2356; x_wconf 89' lang='lat' dir='ltr'><strong>omni</strong></span> <span class='ocrx_word' id='word_1_170' title='bbox 431 2299 551 2373; x_wconf 85' lang='lat' dir='ltr'><strong>corpori</strong></span> <span class='ocrx_word' id='word_1_171' title='bbox 573 2301 723 2358; x_wconf 89' lang='lat' dir='ltr'><strong>convenit.</strong></span> 
     </span>
    </p>
   </div>
   <div class='ocr_carea' id='block_1_7' title="bbox 74 2395 1065 2652">
    <p class='ocr_par' dir='ltr' id='par_1_7' title="bbox 74 2395 1065 2652">
     <span class='ocr_line' id='line_1_23' title="bbox 138 2395 1064 2473; baseline 0.001 -20"><span class='ocrx_word' id='word_1_172' title='bbox 138 2395 251 2469; x_wconf 89' lang='lat' dir='ltr'><strong>Quaeri</strong></span> <span class='ocrx_word' id='word_1_173' title='bbox 260 2406 361 2456; x_wconf 89' lang='lat' dir='ltr'><strong>tamen</strong></span> <span class='ocrx_word' id='word_1_174' title='bbox 370 2407 476 2472; x_wconf 87' lang='lat' dir='ltr'><strong>potest,</strong></span> <span class='ocrx_word' id='word_1_175' title='bbox 491 2417 558 2454; x_wconf 85' lang='lat' dir='ltr'><strong>aum</strong></span> <span class='ocrx_word' id='word_1_176' title='bbox 570 2399 680 2455; x_wconf 85' lang='lat' dir='ltr'><strong>rationi</strong></span> <span class='ocrx_word' id='word_1_177' title='bbox 691 2404 828 2473; x_wconf 80' lang='lat' dir='ltr'><strong>repugnet</strong></span> <span class='ocrx_word' id='word_1_178' title='bbox 840 2398 925 2473; x_wconf 89' lang='lat' dir='ltr'><strong>plura</strong></span> <span class='ocrx_word' id='word_1_179' title='bbox 936 2415 1064 2473; x_wconf 86' lang='lat' dir='ltr'><strong>corpora</strong></span> 
     </span>
     <span class='ocr_line' id='line_1_24' title="bbox 74 2485 1065 2562; baseline 0 -20"><span class='ocrx_word' id='word_1_180' title='bbox 74 2486 117 2544; x_wconf 90' lang='lat' dir='ltr'><strong>ita</strong></span> <span class='ocrx_word' id='word_1_181' title='bbox 139 2485 374 2562; x_wconf 87' lang='lat' dir='ltr'><strong>compenetrari,</strong></span> <span class='ocrx_word' id='word_1_182' title='bbox 403 2497 435 2543; x_wconf 92' lang='lat' dir='ltr'><strong>ut</strong></span> <span class='ocrx_word' id='word_1_183' title='bbox 455 2487 541 2545; x_wconf 92' lang='lat' dir='ltr'><strong>simul</strong></span> <span class='ocrx_word' id='word_1_184' title='bbox 562 2485 593 2544; x_wconf 93' lang='lat' dir='ltr'><strong>in</strong></span> <span class='ocrx_word' id='word_1_185' title='bbox 615 2487 723 2546; x_wconf 91' lang='lat' dir='ltr'><strong>eodem</strong></span> <span class='ocrx_word' id='word_1_186' title='bbox 744 2488 813 2545; x_wconf 95' lang='lat' dir='ltr'><strong>loco</strong></span> <span class='ocrx_word' id='word_1_187' title='bbox 835 2488 1065 2562; x_wconf 79' lang='lat' dir='ltr'><strong>a&#39;raomscriptiae</strong></span> 
     </span>
     <span class='ocr_line' id='line_1_25' title="bbox 75 2576 890 2652; baseline 0 -18"><span class='ocrx_word' id='word_1_188' title='bbox 75 2593 143 2634; x_wconf 90' lang='lat' dir='ltr'><strong>esse</strong></span> <span class='ocrx_word' id='word_1_189' title='bbox 164 2576 294 2651; x_wconf 80' lang='lat' dir='ltr'><strong>possint3</strong></span> <span class='ocrx_word' id='word_1_190' title='bbox 315 2586 344 2634; x_wconf 93' lang='lat' dir='ltr'><strong>et</strong></span> <span class='ocrx_word' id='word_1_191' title='bbox 364 2576 403 2633; x_wconf 88' lang='lat' dir='ltr'><strong>ad</strong></span> <span class='ocrx_word' id='word_1_192' title='bbox 424 2576 503 2633; x_wconf 91' lang='lat' dir='ltr'><strong>hanc</strong></span> <span class='ocrx_word' id='word_1_193' title='bbox 524 2577 731 2650; x_wconf 89' lang='lat' dir='ltr'><strong>quaestionem</strong></span> <span class='ocrx_word' id='word_1_194' title='bbox 752 2576 890 2652; x_wconf 88' lang='lat' dir='ltr'><strong>ponimus</strong></span> 
     </span>
    </p>
   </div>
   <div class='ocr_carea' id='block_1_8' title="bbox 76 2754 1065 2919">
    <p class='ocr_par' dir='ltr' id='par_1_8' title="bbox 76 2754 1065 2919">
     <span class='ocr_line' id='line_1_26' title="bbox 138 2754 1065 2831; baseline 0.001 -20"><span class='ocrx_word' id='word_1_195' title='bbox 138 2764 263 2812; x_wconf 80' lang='lat' dir='ltr'><strong>Thesim.</strong></span> <span class='ocrx_word' id='word_1_196' title='bbox 301 2754 586 2829; x_wconf 81' lang='lat' dir='ltr'><strong>Compeaetrotionem</strong></span> <span class='ocrx_word' id='word_1_197' title='bbox 600 2757 720 2831; x_wconf 81' lang='lat' dir='ltr'><strong>proprie</strong></span> <span class='ocrx_word' id='word_1_198' title='bbox 740 2756 841 2812; x_wconf 82' lang='lat' dir='ltr'><strong>dictam</strong></span> <span class='ocrx_word' id='word_1_199' title='bbox 862 2773 919 2812; x_wconf 86' lang='lat' dir='ltr'><strong>esse</strong></span> <span class='ocrx_word' id='word_1_200' title='bbox 944 2756 1065 2830; x_wconf 81' lang='lat' dir='ltr'><strong>impossi-</strong></span> 
     </span>
     <span class='ocr_line' id='line_1_27' title="bbox 76 2844 1025 2919; baseline 0.003 -19"><span class='ocrx_word' id='word_1_201' title='bbox 76 2844 159 2900; x_wconf 80' lang='lat' dir='ltr'><strong>bilem</strong></span> <span class='ocrx_word' id='word_1_202' title='bbox 179 2844 398 2919; x_wconf 83' lang='lat' dir='ltr'><strong>r&#39;mpossibila&#39;tate</strong></span> <span class='ocrx_word' id='word_1_203' title='bbox 417 2844 708 2919; x_wconf 69' lang='lat' dir='ltr'><strong>metaphysr&#39;ca„certo</strong></span> <span class='ocrx_word' id='word_1_204' title='bbox 728 2845 836 2902; x_wconf 83' lang='lat' dir='ltr'><strong>ostendi</strong></span> <span class='ocrx_word' id='word_1_205' title='bbox 854 2863 910 2901; x_wconf 85' lang='lat' dir='ltr'><strong>non</strong></span> <span class='ocrx_word' id='word_1_206' title='bbox 925 2851 1025 2918; x_wconf 83' lang='lat' dir='ltr'><strong>potest.</strong></span> 
     </span>
    </p>
   </div>
   <div class='ocr_carea' id='block_1_9' title="bbox 77 2967 1066 3306">
    <p class='ocr_par' dir='ltr' id='par_1_9' title="bbox 77 2967 1066 3306">
     <span class='ocr_line' id='line_1_28' title="bbox 141 2967 1066 3042; baseline 0 -18"><span class='ocrx_word' id='word_1_207' title='bbox 141 2977 236 3024; x_wconf 79' lang='lat' dir='ltr'><strong>Status</strong></span> <span class='ocrx_word' id='word_1_208' title='bbox 255 2975 438 3037; x_wconf 77' lang='lat' dir='ltr'><strong>quaestionis.</strong></span> <span class='ocrx_word' id='word_1_209' title='bbox 468 2967 539 3024; x_wconf 90' lang='lat' dir='ltr'><strong>Non</strong></span> <span class='ocrx_word' id='word_1_210' title='bbox 560 2968 711 3041; x_wconf 89' lang='lat' dir='ltr'><strong>quaeritur</strong></span> <span class='ocrx_word' id='word_1_211' title='bbox 731 2968 780 3025; x_wconf 94' lang='lat' dir='ltr'><strong>hic</strong></span> <span class='ocrx_word' id='word_1_212' title='bbox 801 2967 840 3025; x_wconf 90' lang='lat' dir='ltr'><strong>de</strong></span> <span class='ocrx_word' id='word_1_213' title='bbox 861 2977 1066 3042; x_wconf 91' lang='lat' dir='ltr'><strong>compenetra-</strong></span> 
     </span>
     <span class='ocr_line' id='line_1_29' title="bbox 77 3054 1066 3132; baseline 0.001 -19"><span class='ocrx_word' id='word_1_214' title='bbox 77 3055 161 3114; x_wconf 88' lang='lat' dir='ltr'><strong>tione</strong></span> <span class='ocrx_word' id='word_1_215' title='bbox 183 3054 233 3112; x_wconf 90' lang='lat' dir='ltr'><strong>illa</strong></span> <span class='ocrx_word' id='word_1_216' title='bbox 253 3055 384 3131; x_wconf 82' lang='lat' dir='ltr'><strong>physica,</strong></span> <span class='ocrx_word' id='word_1_217' title='bbox 406 3073 466 3130; x_wconf 92' lang='lat' dir='ltr'><strong>qua</strong></span> <span class='ocrx_word' id='word_1_218' title='bbox 486 3057 525 3127; x_wconf 90' lang='lat' dir='ltr'><strong>fit,</strong></span> <span class='ocrx_word' id='word_1_219' title='bbox 548 3070 579 3113; x_wconf 88' lang='lat' dir='ltr'><strong>ut</strong></span> <span class='ocrx_word' id='word_1_220' title='bbox 600 3075 690 3114; x_wconf 93' lang='lat' dir='ltr'><strong>unum</strong></span> <span class='ocrx_word' id='word_1_221' title='bbox 711 3075 818 3132; x_wconf 91' lang='lat' dir='ltr'><strong>corpus</strong></span> <span class='ocrx_word' id='word_1_222' title='bbox 833 3057 922 3116; x_wconf 89' lang='lat' dir='ltr'><strong>intret</strong></span> <span class='ocrx_word' id='word_1_223' title='bbox 935 3060 965 3114; x_wconf 85' lang='lat' dir='ltr'><strong>ia</strong></span> <span class='ocrx_word' id='word_1_224' title='bbox 977 3065 1066 3132; x_wconf 82' lang='lat' dir='ltr'><strong>poros</strong></span> 
     </span>
     <span class='ocr_line' id='line_1_30' title="bbox 78 3143 1066 3222; baseline 0.001 -20"><span class='ocrx_word' id='word_1_225' title='bbox 78 3143 206 3203; x_wconf 90' lang='lat' dir='ltr'><strong>alterius.</strong></span> <span class='ocrx_word' id='word_1_226' title='bbox 249 3147 340 3203; x_wconf 90' lang='lat' dir='ltr'><strong>Hanc</strong></span> <span class='ocrx_word' id='word_1_227' title='bbox 369 3145 449 3202; x_wconf 90' lang='lat' dir='ltr'><strong>enim</strong></span> <span class='ocrx_word' id='word_1_228' title='bbox 479 3147 788 3220; x_wconf 87' lang='lat' dir='ltr'><strong>compenetrationem</strong></span> <span class='ocrx_word' id='word_1_229' title='bbox 817 3146 881 3204; x_wconf 90' lang='lat' dir='ltr'><strong>fieri</strong></span> <span class='ocrx_word' id='word_1_230' title='bbox 913 3163 1000 3222; x_wconf 90' lang='lat' dir='ltr'><strong>posse</strong></span> <span class='ocrx_word' id='word_1_231' title='bbox 1036 3155 1066 3204; x_wconf 90' lang='lat' dir='ltr'><strong>et</strong></span> 
     </span>
     <span class='ocr_line' id='line_1_31' title="bbox 78 3233 1066 3306; baseline -0.001 -15"><span class='ocrx_word' id='word_1_232' title='bbox 78 3251 185 3292; x_wconf 74' lang='lat' dir='ltr'><strong>revera</strong></span> <span class='ocrx_word' id='word_1_233' title='bbox 210 3234 274 3292; x_wconf 84' lang='lat' dir='ltr'><strong>fieri</strong></span> <span class='ocrx_word' id='word_1_234' title='bbox 301 3233 364 3292; x_wconf 88' lang='lat' dir='ltr'><strong>sine</strong></span> <span class='ocrx_word' id='word_1_235' title='bbox 391 3234 452 3291; x_wconf 93' lang='lat' dir='ltr'><strong>ullo</strong></span> <span class='ocrx_word' id='word_1_236' title='bbox 479 3233 689 3292; x_wconf 88' lang='lat' dir='ltr'><strong>miraculorum</strong></span> <span class='ocrx_word' id='word_1_237' title='bbox 716 3233 897 3306; x_wconf 82' lang='lat' dir='ltr'><strong>interventu,</strong></span> <span class='ocrx_word' id='word_1_238' title='bbox 929 3234 1066 3291; x_wconf 91' lang='lat' dir='ltr'><strong>omnibus</strong></span> 
     </span>
    </p>
   </div>
   <div class='ocr_carea' id='block_1_10' title="bbox 79 3323 904 3474">
    <p class='ocr_par' dir='ltr' id='par_1_10' title="bbox 79 3323 904 3474">
     <span class='ocr_line' id='line_1_32' title="bbox 79 3323 341 3383; baseline -0.004 -2"><span class='ocrx_word' id='word_1_239' title='bbox 79 3323 268 3382; x_wconf 87' lang='lat' dir='ltr'><strong>manifestum</strong></span> <span class='ocrx_word' id='word_1_240' title='bbox 289 3333 341 3383; x_wconf 89' lang='lat' dir='ltr'><strong>est.</strong></span> 
     </span>
     <span class='ocr_line' id='line_1_33' title="bbox 135 3423 904 3474; baseline -0.001 -9"><span class='ocrx_word' id='word_1_241' title='bbox 135 3425 327 3474; x_wconf 76' lang='lat' dir='ltr'><strong>Reinatadler,</strong></span> <span class='ocrx_word' id='word_1_242' title='bbox 342 3423 411 3464; x_wconf 85' lang='lat' dir='ltr'><strong>Elem.</strong></span> <span class='ocrx_word' id='word_1_243' title='bbox 427 3423 505 3474; x_wconf 82' lang='lat' dir='ltr'><strong>philos.</strong></span> <span class='ocrx_word' id='word_1_244' title='bbox 521 3424 589 3466; x_wconf 82' lang='lat' dir='ltr'><strong>schol.</strong></span> <span class='ocrx_word' id='word_1_245' title='bbox 611 3424 628 3464; x_wconf 91' lang='lat'><strong>1.</strong></span> <span class='ocrx_word' id='word_1_246' title='bbox 872 3430 904 3465; x_wconf 87' lang='lat'><strong>22</strong></span> 
     </span>
    </p>
   </div>
   <div class='ocr_carea' id='block_1_11' title="bbox 0 0 1192 3700">
    <p class='ocr_par' dir='ltr' id='par_1_11' title="bbox 0 0 1192 3700">
     <span class='ocr_line' id='line_1_34' title="bbox 0 0 1192 3700; baseline 0 0"><span class='ocrx_word' id='word_1_247' title='bbox 0 0 1192 3700; x_wconf 95' lang='lat' dir='ltr'><strong> </strong></span> 
     </span>
    </p>
   </div>
  </div>
 </body>
</html>
