2350 3700
133 133 185 192 296
509 143 546 178 oa
565 142 745 179 caranonus.

132 292 249 352 divinas
269 292 415 350 Personas
436 292 535 349 locum
565 289 708 347 habetet
730 287 859 364 proinde
881 288 921 346 ad
941 285 1123 361 theologiam

132 380 280 439 exclusive
301 380 437 455 pertinet.

193 468 262 541 Qua
283 468 321 526 de
343 486 375 527 re
398 466 507 527 rationi
527 468 587 526 fide
613 465 785 525 admonitae
806 466 883 523 haec
904 464 968 523 sola
990 462 1128 538 quaestio

132 557 276 616 solvenda
297 568 357 616 est:
378 557 510 615 Potestne
529 556 671 614 evidenter
691 556 800 613 ostendi
818 561 974 629 conceptum
990 554 1132 629 principii

131 648 191 705 sinc
217 646 278 703 ulla
302 648 457 722 prioritate
485 640 595 720 (neque
623 655 747 703 naturae
774 661 873 717 neque
901 636 1060 718 temporis)
1089 660 1131 699 rc·

127 732 283 812 pugrmrcd
1164 724 1165 747 ¹

191 824 275 900 Resp.
312 825 382 881 Hoc
397 822 515 881 ostendi
535 840 598 880 non
616 831 724 897 potest.
760 823 831 881 Hoc
846 821 926 880 enim
941 831 1015 878 tunc
1030 820 1130 877 solum

132 913 355 984 ostenderetur,
386 912 410 969 si
433 912 498 987 quis
519 912 692 970 ostenderet
721 921 824 971 notam
854 908 1033 986 prioritatis,
1067 907 1130 967 sive
1164 940 1165 943 =

131 1012 254 1061 naturae
276 1002 342 1060 'sive
363 1002 523 1077 temporis,
553 1000 594 1058 ita
616 1000 647 1057 in
669 1010 819 1075 conceptu
839 997 979 1074 principii
1001 996 1130 1067 includi,
1164 992 1165 1045 ]

132 1101 163 1149 ut
183 1092 248 1149 sine
269 1090 319 1149 illa
339 1101 412 1149 nota
432 1089 613 1166 principium
628 1089 750 1164 concipi
769 1107 831 1147 non
846 1086 947 1163 possit.
983 1087 1047 1145 Sed
1069 1088 1132 1144 hoc
1164 1110 1165 1115 ¹

132 1179 250 1239 ostendi
279 1198 342 1238 non
369 1190 474 1256 potest.
523 1181 607 1237 Beue
634 1178 716 1237 enirn
744 1177 912 1253 concipitur
941 1175 1131 1252 principium

132 1269 196 1327 sine
223 1279 295 1327 nota
316 1267 475 1343 prioritatis
496 1278 634 1339 naturae,
663 1278 695 1324 ut
723 1266 755 1324 in
775 1266 914 1342 exemplo
936 1283 1082 1336 aurorae,
1114 1284 1132 1321 a
1164 1300 1165 1337 ,

41 1409 44 1414 .
133 1377 193 1432 qua
213 1358 278 1417 dies
299 1356 453 1433 procedit3
478 1356 549 1415 item
569 1356 739 1432 concipitur
759 1354 939 1431 principium
961 1354 1028 1413 sine
1050 1355 1133 1429 prio·
1164 1352 1165 1409 l

133 1448 217 1505 ritate
241 1446 398 1522 temporis,
427 1457 459 1503 ut
479 1445 601 1521 quando
623 1445 661 1503 de
683 1446 746 1504 sole
768 1445 947 1519 cogitamus,
977 1454 1131 1518 quatenus

133 1546 177 1594 est
197 1534 375 1611 principium
397 1534 473 1592 radii
494 1554 512 1592 a
532 1553 564 1593 se
585 1533 693 1593 emissi.

320 1686 337 1753 ξ
357 1702 381 1739 2.
413 1692 456 1740 De
477 1690 615 1739 divisione
633 1688 756 1753 generali
776 1702 934 1737 causarum.

194 1806 322 1864 Causam
343 1803 470 1863 diximus
491 1802 657 1880 generatim
679 1820 743 1862 esse
764 1801 811 1874 id,
838 1801 921 1877 quod
942 1800 980 1860 ad
1003 1800 1134 1861 alicuius

133 1894 177 1953 rei
191 1893 420 1970 productionem
435 1894 552 1952 confert
566 1910 757 1968 quocumque
772 1891 882 1966 modo,
902 1893 950 1949 vel
969 1890 1010 1962 id,
1035 1911 1056 1949 a
1072 1909 1134 1965 quo

133 1983 246 2059 aliquid
273 1982 410 2058 procedit
430 1982 541 2040 influxu
561 1982 694 2056 quodam
716 1980 842 2057 positivo
863 1991 893 2038 et
916 1978 1062 2056 physico,
1095 1979 1133 2036 ita

134 2083 165 2130 ut
184 2070 262 2130 inter
281 2071 461 2147 principium
488 2081 518 2130 et
545 2070 755 2146 principiatum
778 2069 814 2127 sit
835 2067 962 2128 conexio
984 2085 1133 2128 consecu·
1163 2139 1164 2144 η

134 2160 223 2219 tionis
243 2160 411 2220 intrinseca.
1163 2171 1164 2178 ¹

194 2250 324 2308 Influxus
336 2267 410 2309 vero
431 2249 481 2307 ille
502 2249 645 2324 positivus
667 2259 697 2307 et
716 2248 855 2324 physicus
870 2246 1007 2306 diversae
1030 2258 1132 2322 potest

135 2355 199 2396 esse
226 2349 358 2397 naturae.
401 2337 545 2396 Diversae
573 2337 702 2412 proinde
730 2355 766 2395 ex
792 2336 851 2394 hac
878 2346 964 2412 parte
986 2334 1131 2411 distingui
1163 2381 1164 2384 ,

134 2438 258 2502 possunt
278 2446 434 2485 causarum
455 2427 579 2502 species.
1163 2475 1164 2500 ,

195 2517 217 2574 Ι.
238 2517 338 2575 Potest
352 2517 433 2575 enim
447 2534 495 2574 res
509 2515 610 2590 aliqua
623 2515 655 2573 in
670 2533 734 2573 rem
746 2515 977 2591 producendam
991 2513 1130 2586 influere,
1163 2503 1164 2528 ¹

135 2623 172 2664 eo
194 2606 276 2681 quod
297 2615 341 2664 est
362 2607 539 2664 elementum
568 2605 665 2680 ipsum
693 2604 901 2675 intrinsecum,
931 2621 993 2678 quo
1021 2619 1073 2662 res
1103 2605 1133 2660 in
1163 2593 1164 2678 i

135 2713 187 2754 sua
207 2694 308 2770 specie
330 2694 523 2765 constituitur,
545 2694 641 2768 qualis
662 2704 707 2751 est
727 2711 752 2752 e.
772 2712 800 2768 g.
823 2693 949 2751 influxus
969 2693 1133 2752 marmoris

135 2785 166 2841 in
181 2795 305 2843 statuam
326 2783 554 2842 conficiendam.
586 2785 720 2840 Marmor
735 2781 815 2840 enim
829 2782 948 2840 confert
960 2782 1132 2853 materiam,

136 2891 173 2932 ex
187 2891 245 2948 qua
259 2883 353 2932 statua
367 2872 530 2931 conficitur.
561 2872 650 2930 Haec
671 2890 760 2930 causa
774 2871 881 2930 dicitur
902 2871 1082 2944 essentialia,
1105 2883 1133 2929 et

136 2961 167 3021 in
188 2961 364 3038 corporibus
384 2962 493 3038 duplex
516 2972 575 3036 est3
601 2960 755 3019 nimirum:
778 2978 863 3019 causa
883 2961 1061 3030 materiale,
1085 2961 1132 3019 vel

136 3051 177 3122 id,
199 3068 235 3108 ex
250 3068 310 3126 quo
327 3050 440 3124 aliquid
460 3049 646 3126 producitur:
669 3051 810 3125 materia,
832 3060 861 3108 et
875 3068 960 3107 causa
974 3049 1130 3123 formalis,

135 3139 183 3196 vel
198 3139 270 3195 illud
284 3138 328 3195 rei
341 3137 543 3208 intrinsecum,
566 3139 649 3212 quod
662 3139 817 3197 materiam
832 3139 872 3196 ita
886 3139 1080 3211 determinat,
1101 3150 1131 3196 ut

137 3224 173 3279 sit
195 3225 261 3280 talis
282 3225 329 3280 vel
347 3225 411 3283 talis
432 3237 529 3283 actus:
552 3225 617 3300 ipsa
639 3227 735 3285 forma
756 3227 913 3286 marmoris
934 3222 1045 3303 (forma
1068 3229 1131 3286 sulr

138 3304 289 3382 stantialis)
299 3311 346 3366 vel
356 3311 453 3369 forma
465 3320 576 3368 statuae
590 3315 621 3370 in
631 3331 779 3374 marmore
791 3310 900 3391 (forma
913 3311 1127 3389 accidentalis).
