2350 3700
135 148 187 185 200
508 144 749 182 METHODOLOGIA.

194 295 251 352 His
269 294 408 352 omnibus
423 293 555 368 denique
571 292 721 368 expositis,
743 293 911 364 declaratis
933 291 1085 368 probatis,
1108 295 1136 349 tit

134 386 278 460 responsio
299 384 342 440 ad
357 384 461 442 dublo:

195 473 231 531 Id
252 482 311 543 est,
338 472 454 547 singula
474 470 566 530 dubia
586 470 708 545 singulis
730 469 977 547 responsionibus
999 489 1136 528 remove-

135 573 229 620 antur.
266 562 335 634 Qua
356 561 387 618 in
408 578 441 619 re
461 559 546 635 sequi
567 577 724 635 possumus
746 561 774 618 S.
798 562 974 630 Doctorem,
997 559 1052 618 cui
1074 577 1136 617 mos

136 661 199 708 erat
220 660 288 727 post
308 650 466 725 probatam
486 648 595 707 thesim
616 647 659 707 sic
679 647 899 706 concludendi:
928 649 982 707 Ad
1003 649 1136 724 primum

135 757 209 815 ergo
230 739 393 798 dicendum
415 784 421 797 .
445 783 451 796 .
475 783 481 796 .
523 737 574 796 Ad
598 737 763 796 secundum
783 737 948 796 dicendum
973 784 979 796 .
1005 783 1011 796 .
1039 784 1057 809 .,
1081 749 1136 797 etc.

136 827 299 887 Ordinatio
318 846 392 886 vero
413 828 625 903 responsiones
646 826 715 885 illae
736 844 842 885 omnes
871 846 908 885 ex
935 837 1017 886 statu
1049 847 1137 903 quae·

136 917 239 976 stionis
260 917 314 976 rite
335 916 488 975 declarato
509 918 586 975 ultro
609 916 749 974 defluunt.

196 1053 235 1109 Et
251 1052 327 1110 haec
342 1049 464 1125 quidem
477 1060 522 1108 est
536 1049 700 1125 praeclara,
716 1068 734 1106 a
748 1048 933 1108 scholasticis
947 1050 1044 1109 nobis
1059 1070 1138 1110 com·

135 1139 285 1211 mendata,
301 1138 468 1211 methodus,
489 1157 566 1214 quae
581 1149 613 1196 ut
627 1157 688 1197 uno
703 1148 867 1214 conspectu
881 1139 1018 1215 perspici
1033 1140 1135 1216 possit,

137 1229 173 1287 sit
194 1246 323 1304 sequens

447 1336 592 1386 SCHEMA
611 1335 811 1396 GENERALE,

149 1443 217 1492 iuxta
236 1443 305 1508 quod
324 1443 352 1492 tit
370 1459 504 1507 processus
522 1444 547 1491 in
566 1442 715 1508 quaestione
734 1442 819 1507 aliqua
837 1443 974 1493 dialectica
994 1445 1127 1494 solvenda.

210 1559 232 1615 Ι.
256 1556 356 1615 Dubia
376 1567 572 1640 exponantur.

198 1665 235 1722 II.
258 1665 355 1723 Status
376 1663 567 1739 quaestionis.

261 1783 284 1820 1.
308 1760 494 1820 Definiantur
516 1761 651 1820 obscura.

260 1873 285 1910 2,
308 1849 452 1924 Quaestio
473 1850 553 1909 iuxta
571 1849 637 1910 illas
651 1850 840 1911 definitiones
854 1852 1092 1926 determinetur,
1115 1866 1142 1913 et
1161 1924 1162 1941 χ

352 1950 481 2016 ponatur
501 1939 601 1998 thesis.

259 2050 285 2104 3.
307 2029 412 2089 Thesis
433 2030 563 2088 historia.

185 2139 237 2195 III.
259 2135 365 2195 Thesis
386 2134 532 2211 probatio.

262 2257 286 2293 1.
308 2234 474 2292 Indirecta:

312 2318 340 2397 a)
362 2316 538 2398 argumento
559 2324 700 2398 negativo
723 2318 935 2398 (imprudentia
956 2320 1085 2401 dubii),
1160 2324 1161 2327 ’

312 2407 344 2487 b)
363 2412 546 2486 retorsione,

313 2496 341 2576 c)
362 2512 538 2577 argumento
559 2519 616 2576 per
636 2500 806 2559 absurdum.

262 2611 287 2650 2.
310 2591 447 2649 Directa:
685 2602 687 2607 '

313 2674 341 2754 a)
363 2680 487 2754 Propria
502 2678 687 2755 experientia
701 2681 748 2737 vel
762 2680 877 2737 ratione
890 2673 982 2754 (evid.
997 2679 1139 2757 interna).
1159 2736 1160 2759 ,

363 2763 392 2843 α)
413 2771 442 2826 Α
463 2768 637 2844 posteriori:
660 2786 697 2827 ex
718 2770 835 2827 effectu.
1159 2770 1160 2787 ¹

365 2854 392 2935 β)
413 2859 441 2915 Α
463 2856 570 2933 priori:
593 2872 753 2917 excausa:

414 2941 461 3021 aa)
483 2964 520 3005 ex
540 2964 630 3004 causa
650 2958 781 3015 remota;

407 3031 460 3108 bb)
482 3054 518 3094 ex
540 3054 628 3093 causa
649 3035 822 3094 immediata
843 3047 873 3094 et
892 3037 1035 3112 propria.

314 3118 346 3197 b)
368 3126 414 3181 Ex
427 3123 552 3285 aliorurp
567 3123 759 3198 experientia,
775 3124 793 3183 i.
809 3144 836 3183 e.
851 3126 1038 3187 auctoritate
1055 3124 1137 3205 (evid.

409 3220 530 3268 externa
544 3257 550 3269 .

190 3312 242 3367 IV.
264 3313 433 3385 Responsio
454 3315 492 3372 ad
513 3314 613 3373 dubia.
