2350 3700
194 150 232 187 DE
252 152 402 189 VERITATIS
422 152 561 188 OPPOSITO
581 151 645 187 SIVE
665 151 702 187 Du
722 150 887 187 FALSITATE.
980 146 1031 200 233

108 299 214 357 veritas
240 300 374 358 moralis:
404 300 583 374 adaequatio
612 297 757 357 sermonis
785 299 823 357 ad
851 298 1033 356 intellectum

58 382 244 463 (seutentiam)
266 388 423 463 loquentis.

108 480 142 535 ln
162 475 317 552 ontologia
346 496 409 535 non
436 477 532 552 agitur
553 476 611 534 nisi
639 476 677 535 de
704 477 827 535 veritate
852 476 1032 551 ontologica.

170 651 188 717 ξ
209 668 232 716 3.
265 657 308 703 De
326 656 450 705 veritatis
468 654 724 704 transcendentalis
743 654 915 704 exsistentia.

108 778 198 836 Omne
217 798 267 837 ens
295 787 337 836 est
354 798 467 850 verum,
497 780 544 837 vel
573 796 622 835 ens
649 785 676 835 ct
701 797 799 836 oerum
824 785 1033 837 convertunmr.

54 866 163 924 Etenim
198 886 306 926 «omne
336 886 389 926 ens
419 880 463 926 est
493 867 642 942 quaedam
673 866 823 943 expressio
853 877 883 925 et
910 866 1034 925 imitatio

54 954 162 1013 divinae
185 956 389 1031 cogitationis,
419 975 478 1031 qua
498 958 581 1014 Deus
602 974 634 1014 se
656 966 685 1014 et
713 956 830 1027 omnia,
859 956 985 1014 actualia
1006 966 1036 1013 et

53 1044 206 1118 possibilia,
222 1045 375 1121 intellegit.
412 1048 536 1121 Insuper
550 1064 641 1103 omne
657 1064 710 1104 ens
724 1044 921 1120 aptitudinem
936 1046 1034 1111 habet,

52 1143 78 1190 ut
95 1151 198 1191 veram
226 1134 462 1193 aestimationem
488 1134 532 1193 sui
551 1134 651 1210 possit
679 1133 717 1193 de
741 1135 891 1192 sefacere
913 1134 943 1191 in
965 1151 1036 1208 quo·

52 1241 172 1297 cumque
195 1223 347 1282 intellectu
369 1225 522 1282 creato.»¹

435 1406 603 1453 Arrrcutus
624 1418 653 1453 11.

115 1518 167 1567 DE
188 1518 377 1567 VERITATIS
397 1517 568 1567 OPPOSITO
589 1518 667 1567 SIVE
688 1518 735 1565 DE
755 1518 959 1567 FALSITATE.

367 1654 391 1721 ’ἓ
413 1670 435 1707 ι.
467 1658 554 1707 Notio
572 1658 708 1709 falsitatis.

104 1783 127 1839 l.
151 1780 219 1839 Nisi
248 1799 301 1839 ens
329 1782 453 1839 haberet
480 1799 545 1839 esse
573 1781 680 1839 divinis
708 1782 783 1841 ideis
811 1783 967 1841 conforme
991 1784 1037 1841 vel
1143 1830 1144 1833 ,

49 1889 107 1928 esse
122 1871 345 1929 conformabile
359 1871 521 1930 intellectui
536 1881 647 1942 creato,
669 1873 699 1930 in
721 1873 808 1931 rebus
823 1883 900 1931 esset
915 1871 1039 1946 falsitas

49 1961 315 2028 tramcendentolis,
338 1977 415 2034 quae
436 1960 588 2018 definitur:
620 1961 819 2036 inadaequatio
847 1962 894 2020 vel
912 1963 1039 2019 absentia

49 2049 259 2122 conformitatis
278 2051 353 2105 inter
373 2067 432 2106 rem
455 2056 483 2106 et
501 2050 674 2106 intellectum.

102 2140 142 2196 II.
166 2139 198 2194 A
219 2139 345 2196 falsitate
366 2137 417 2195 illa
436 2138 689 2196 transcendentali
712 2139 899 2214 distinguitur
927 2139 1038 2198 falsitas
1143 2191 1144 2194 ,

46 2229 144 2302 logica
166 2236 201 2284 et
222 2226 332 2284 salsitas
352 2227 482 2286 moralis.

101 2324 236 2383 Falsitas
268 2326 378 2398 logica:
418 2335 462 2383 est
495 2326 695 2400 inadacquatio
728 2327 776 2384 ael
813 2327 939 2384 absentia
980 2345 1039 2384 con·

38 2415 211 2487 formitatis
230 2414 382 2472 intellectus
402 2417 494 2472 mstri
519 2434 579 2472 cam
600 2416 683 2472 rebus
702 2418 776 2490 ipsis
820 2417 907 2473 Haec
929 2416 1039 2474 falsitas

43 2503 215 2562 formaliter
230 2504 339 2562 exsistit
352 2503 384 2560 in
397 2503 507 2561 iudicio
522 2504 688 2563 intellectus
709 2504 863 2562 tribuentis
884 2505 935 2574 rei,
958 2506 1040 2563 cuius

44 2593 210 2652 essentiam
232 2592 390 2667 intellegit,
412 2592 539 2668 aliquid,
562 2594 644 2668 quod
666 2594 693 2652 ei
715 2593 884 2670 opponitur.
926 2592 1040 2652 Dicitur

44 2682 135 2740 etiam
160 2682 275 2740 error².

104 2779 237 2838 Falsitas
264 2781 399 2838 marolis:
432 2791 477 2838 est
505 2779 718 2856 inadaequatio
748 2782 796 2839 vel
826 2781 952 2838 absentia
981 2800 1041 2838 con·

38 2869 211 2944 formitatis
244 2871 380 2926 sermnis
413 2888 473 2926 cum
511 2870 649 2926 intellectu
688 2863 855 2945 (sententia)
895 2870 1038 2944 loquentis.

45 2960 156 3016 Sermo
188 2956 240 3015 tali
270 2957 395 3016 falsitate
425 2959 563 3027 affectus,
594 2958 618 3016 si
647 2959 679 3016 fit
706 2977 773 3017 cum
799 2958 963 3016 intentione
992 2960 1041 3017 de·

44 3046 194 3124 cipiendi,
215 3048 264 3105 vel
286 3047 389 3105 saltem
411 3066 478 3106 cum
494 3049 645 3106 voluntate
661 3048 781 3106 dicendi
797 3048 910 3119 salsum,
934 3048 1041 3106 dicitur

110 3258 120 3288 ¹
141 3260 238 3321 Lepiat,
258 3257 338 3307 Elem,
357 3259 420 3323 phil.
439 3259 522 3308 christ.
543 3260 576 3318 ΙΙ,
599 3269 639 3320 50.

108 3338 120 3370 ²
141 3340 184 3388 Cf.
204 3339 300 3402 Logica
318 3355 344 3402 p.
367 3337 424 3387 168.
