2350 3700
171 122 222 169 260
545 135 583 169 on
603 132 781 170 cnraconns.

231 281 368 357 Sequitur
389 281 478 339 etiam
499 299 536 340 ex
557 281 656 352 dictis,
679 291 724 352 ut,
747 280 829 354 quod
849 282 964 339 bonum
984 290 1037 351 est,
1056 280 1083 337 id
1101 278 1145 372 alii

171 389 231 447 qua
258 371 372 430 ratione
394 370 484 428 etiarn
506 370 667 446 perfectum
694 387 759 428 esse
786 380 867 428 recte
891 370 1024 443 dicatur,
1050 370 1072 427 si
1095 375 1145 425 vor!

170 459 363 535 perfectionis
391 460 513 518 sumitur
542 458 574 516 in
602 476 690 517 sensu
718 458 847 517 entitatis
875 458 1083 533 cuiuscumque
1104 458 1145 532 vel

171 559 260 609 actus
292 550 434 607 Attamen
451 549 526 606 solet
539 567 597 607 vox
611 547 804 623 perfectionis
824 548 915 605 artius
934 535 1145 623 constringitel

170 637 317 714 significet
338 638 368 696 id
390 655 479 697 omne
501 638 596 707 reale,
626 636 708 712 quod
736 636 864 712 integrat
891 646 921 694 et
948 638 1079 712 complet
1102 653 1138 693 ens

171 726 308 802 aliquod,
330 726 371 785 ita
391 737 423 785 ut
436 726 597 803 perfectum
617 726 733 785 dicamr
753 744 815 795 ens,
837 727 883 783 cai
901 726 1012 783 nullum
1032 727 1103 783 deest
1118 743 1140 779 et

169 819 220 885 iis,
250 834 322 891 quae
349 818 392 873 ad
415 819 473 873 eius
493 817 611 891 plenam
638 817 828 889 integritatem
853 816 1048 889 requiruntur.
1087 815 1115 871 H

171 923 258 964 sensu
285 924 348 964 non
376 923 466 964 omne
494 922 547 963 ens
576 914 621 963 est
647 904 827 979 perfectum,
861 904 930 979 quia
960 921 1064 963 revera
1091 920 1145 985 sun*

172 995 251 1052 entia
269 994 391 1070 physice
405 995 453 1053 vel
467 992 619 1052 moraliter
633 994 719 1051 mala.
755 992 956 1069 Imperfectum
977 993 1100 1068 proinde
1112 989 1145 1048 dt

174 1082 248 1140 citur
262 1082 302 1155 id,
318 1082 365 1140 cui
379 1080 492 1157 aliquid
504 1083 589 1141 deest
603 1083 642 1139 ad
656 1081 861 1140 omnimodam
876 1083 938 1141 eius
951 1081 1145 1158 integritatem.;

232 1172 399 1231 Perfectum
417 1180 461 1230 est
478 1172 526 1230 vel
547 1172 714 1229 absolutum
732 1172 780 1229 vel
800 1170 970 1229 relativum:
993 1172 1145 1230 Perfecurm

171 1262 327 1319 absolutam
355 1269 399 1319 est
426 1260 513 1332 illud,
542 1261 620 1334 quad
642 1260 727 1318 habet
749 1260 936 1318 omnimodam
957 1260 1145 1336 plantandam

172 1353 243 1408 entis
263 1351 313 1407 sub
333 1352 411 1407 amni
429 1356 560 1425 respectu.
597 1348 646 1407 Sic
660 1350 742 1408 Deus
763 1349 876 1407 infinite
897 1359 942 1408 est
962 1350 1111 1425 perfectus.
1143 1355 1145 1422 }

235 1439 403 1498 Perfectum
424 1448 522 1496 autem
543 1438 693 1496 relativum
713 1438 785 1495 illud
807 1447 865 1508 est,
887 1439 971 1512 quod
992 1439 1080 1496 habet
1096 1437 1145 1512 ple

175 1527 340 1586 nitudinem
363 1528 438 1586 entis
459 1529 489 1585 in
510 1528 606 1601 alique
621 1528 726 1601 gradu.
1143 1515 1144 1528 ¹

1143 1711 1145 1794 l

569 1836 682 1899 Lmen
705 1850 755 1900 111.

479 1969 542 2030 DE
566 1967 849 2032 CATEGORIIS.

523 2110 808 2161 Pmnuorrouns

234 2234 256 2290 Ι.
292 2234 457 2306 Categareas
484 2236 531 2292 vel
559 2233 802 2309 praedicamenta
828 2234 859 2290 in
885 2233 1006 2309 logica¹
1034 2232 1118 2292 delmi

174 2340 247 2393 mus,
270 2334 302 2380 ut
321 2322 393 2381 sint:
415 2330 547 2398 suprema
564 2341 672 2396 genera
691 2324 844 2392 mademm,
866 2323 1016 2380 secundum
1031 2339 1128 2398 quase

172 2412 203 2468 in
231 2419 339 2468 natura
366 2413 498 2468 exsistere
519 2420 655 2487 possunt,
683 2412 701 2470 i.
725 2431 750 2470 e.
779 2412 827 2470 vel
850 2421 919 2469 actu
946 2412 1090 2470 exsistunt
1113 2429 1129 2464 v

175 2501 280 2558 saltem
301 2501 440 2558 exsistere
461 2510 592 2575 possunt.

234 2591 269 2647 In
290 2589 347 2646 hac
368 2589 454 2648 tertia
482 2599 566 2664 parte
587 2589 683 2664 agitur
710 2589 838 2665 proinde
859 2590 898 2648 de
924 2588 1027 2664 primis
1048 2585 1128 2647 divisi

175 2677 261 2736 nibus
283 2677 358 2736 entis
379 2679 480 2747 realis,
509 2696 571 2736 non
592 2678 750 2750 rationis²,
779 2689 869 2754 prout
887 2679 918 2735 in
938 2695 1037 2735 rerum
1058 2685 1136 2735 natur

174 2767 322 2825 invenitur
342 2767 390 2824 vel
410 2765 537 2825 inveniri
558 2777 669 2841 potest,
691 2765 755 2824 aliis
776 2765 886 2824 verbis:
909 2766 948 2824 de
969 2765 1075 2842 primis
1094 2764 1119 2822 di

175 2855 306 2914 sionibus
328 2857 399 2912 entis
418 2856 505 2913 realis
516 2856 608 2930 finiti.

235 2945 351 3002 Decem
378 2943 449 3002 item
478 2962 514 3003 ex
542 2944 640 3018 logica
667 2944 775 3002 scimus
796 2944 836 3002 ab
856 2943 1018 3003 Aristotele
1047 2963 1085 3003 en

175 3039 237 3084 rata
259 3047 323 3087 esse
347 3030 516 3090 huiusmodi
543 3031 799 3107 praedicamenta:
828 3034 1014 3091 substantiam
1042 3032 1119 3092 scilic

175 3118 503 3186 etnovem‘aceidentia,
519 3129 692 3192 quaesunt:
715 3121 873 3195 quantitas,
894 3121 1008 3193 relatio,
1028 3121 1106 3197 quali

238 3294 246 3324 ¹
266 3298 304 3345 Cf.
325 3317 401 3363 supra
418 3321 443 3366 p.
465 3319 506 3366 24.
580 3307 592 3338 ²
610 3311 649 3358 Cf.
669 3327 746 3376 supra
763 3331 789 3376 p.
810 3327 869 3375 214.
