2350 3700
128 142 162 204 96
508 153 737 191 carranrotocm.

188 302 317 376 Sceptici
339 301 464 379 duplicis
485 313 553 360 sunt
573 302 702 378 speciei:

186 400 288 473 Rapidi
303 400 392 473 enim,
416 400 593 459 certitudine
607 402 726 474 reiecta,
749 419 788 460 ne
804 401 983 476 probabilem
998 398 1124 475 quidem

127 488 302 563 opinionem
323 490 427 548 haberi
449 508 535 565 posse
558 490 745 549 contendunt
767 484 956 565 (Pyrrhonii).

187 588 397 646 Mada‘atiares
417 606 489 647 vero
507 588 654 647 theoriam
668 588 820 663 quandam
835 589 1056 664 probabilitatis
1078 588 1126 645 ad·

126 676 244 735 mittunt
266 673 473 752 (Academici).
538 728 540 733 ,
634 742 638 747 ,

188 786 424 836 Fundamentum.
472 777 609 835 Rationes
635 794 723 848 ver0,
753 776 860 851 quibus
890 776 1019 853 sceptici
1050 775 1126 833 inni·

128 874 238 936 tuntur,
253 868 425 942 praecipuae
445 867 502 923 hae
524 876 607 924 sunt:

192 983 215 1020 1.
245 962 359 1021 Omnes
388 963 541 1021 facultates
568 972 689 1021 nostrae
716 962 872 1021 veritatem
899 964 1123 1038 cognoscendi,

127 1061 158 1109 ct
184 1050 340 1109 sensitivae
369 1061 399 1110 et
426 1051 602 1124 rationaleS,
630 1050 783 1126 inquiunt,
812 1069 903 1126 saepe
923 1070 983 1109 nos
1004 1053 1123 1110 fallunt.

127 1143 209 1216 Ergo
230 1140 301 1215 ipsis
322 1159 383 1199 non
405 1151 449 1199 est
469 1141 632 1199 fidendum.

190 1269 215 1307 2.
244 1247 334 1306 Ratio
362 1258 463 1307 nostra
490 1250 615 1307 fortasse
643 1266 717 1324 opus
742 1257 787 1306 est
813 1247 943 1307 numinis
963 1248 1126 1307 cuiusdam

128 1338 264 1413 maligni,
293 1337 376 1412 quod
402 1338 545 1413 voluptati
565 1338 676 1396 habeat
695 1348 841 1413 perpetuo
866 1356 968 1397 errore
990 1356 1050 1396 nos
1072 1338 1126 1395 im-

128 1427 246 1502 plicitos
267 1444 331 1485 esse
353 1422 404 1501 (ita
425 1428 537 1498 Pascal,
559 1428 688 1485 Pense'es
709 1437 762 1485 art.
785 1421 824 1502 6).

190 1552 216 1606 3.
246 1534 463 1607 Argumentum
490 1552 562 1591 vero
591 1550 695 1591 eorum
716 1532 920 1608 gravissimum
943 1545 973 1591 et
997 1533 1124 1591 «incon-

129 1640 263 1681 cussum»
279 1621 338 1681 hoc
354 1633 411 1681 est:
434 1624 477 1681 Ut
490 1624 651 1682 haberetur
665 1622 812 1681 certitudo
827 1622 866 1681 de
880 1622 980 1697 aliquo
994 1622 1122 1693 iudicio,

129 1712 278 1770 criterium
306 1711 427 1787 aliquod
455 1713 669 1786 requireretur,
699 1730 759 1787 quo
780 1712 887 1769 veritas
908 1712 993 1769 huius
1015 1710 1122 1770 iudicii

128 1801 355 1861 discerneretur.
391 1801 451 1860 Sed
466 1800 574 1859 criterii
588 1800 673 1859 huius
687 1800 855 1877 legitimitas
875 1820 938 1860 non
957 1799 1015 1859 nisi
1037 1819 1122 1859 novo

129 1893 261 1966 quodam
289 1891 399 1950 iudicio
427 1891 570 1966 cognosci
598 1900 703 1966 potest.
747 1892 960 1965 Requireretur
986 1890 1122 1966 proinde

128 1981 208 2039 aliud
229 1981 378 2039 criterium
406 1980 445 2037 ad
466 1980 620 2038 veritatem
641 1980 726 2038 huius
747 1979 848 2038 iudicii
868 1979 1121 2055 dignoscendam,

131 2081 161 2128 et
182 2081 402 2144 consequenter
414 2087 525 2128 novum
542 2069 631 2128 etiam
645 2068 725 2126 aliud
739 2069 889 2141 iudicium,
910 2087 1024 2127 novum
1040 2069 1122 2127 aliud

129 2159 293 2230 criterium,
324 2171 353 2217 et
374 2159 414 2216 ita
434 2177 526 2234 porro
542 2167 599 2234 par
611 2167 796 2234 progressum
823 2160 854 2216 ia
874 2160 1032 2233 infinitum,
1062 2158 1122 2215 nisi

129 2249 254 2306 circulus
281 2249 402 2307 vitiosus
423 2249 622 2306 induceretur.
665 2247 726 2305 Sed
745 2257 899 2319 neutrum,
927 2247 945 2305 i.
969 2265 995 2304 e.
1017 2265 1123 2321 neque

129 2355 302 2412 progressus
317 2337 347 2395 in
357 2337 503 2395 infinitum
517 2354 619 2412 neque
629 2336 755 2394 circulus
765 2336 893 2408 vitiosus
909 2335 948 2394 ad
962 2335 1123 2394 veritatem

130 2426 219 2485 ducit.
262 2428 344 2502 Ergo
365 2426 511 2484 certitudo
532 2424 636 2484 haberi
657 2434 756 2500 potest
776 2426 865 2483 nulla.

189 2676 299 2725 Michm
308 2675 336 2724 de
348 2675 493 2738 Mantaigrne
507 2670 717 2738 (1533—1592),
737 2674 808 2722 cuius
824 2672 940 2723 libellus:
964 2672 1069 2721 «Essais
1087 2675 1121 2721 de

129 2756 249 2805 morule».

189 2848 279 2896 Petrus
293 2847 406 2894 Charton
421 2841 447 2908 (1
454 2840 634 2908 541—1603)‚
655 2843 725 2892 cuius
742 2843 858 2891 libellus:
882 2844 937 2890 «De
950 2843 975 2891 la
988 2859 1121 2908 sagesse».

189 2937 337 2985 Francisats
356 2935 462 2984 Sanclzez
478 2930 691 2998 (1562-1632)‚
711 2933 755 2996 qui
774 2932 866 2981 librum
885 2932 1003 2996 scripsit:
1027 2933 1122 2995 «Quod

131 3017 194 3065 nihil
214 3017 314 3064 scitur.»

190 3107 278 3154 Petrus
296 3106 374 3168 Baylc
393 3100 608 3168 (1647-1706),
632 3103 675 3167 qui
702 3102 890 3166 scepticismum
915 3118 987 3150 suum
1008 3104 1034 3151 in
1054 3103 1122 3152 libro

134 3185 325 3232 «Dictionnaire
345 3183 482 3247 historique
502 3193 527 3232 et
545 3183 666 3246 critique»
688 3183 796 3230 maxime
815 3183 945 3246 professus
964 3192 1012 3231 est.

191 3271 291 3332 Quibus
317 3271 371 3333 ipse
390 3273 482 3319 Pascal
499 3268 702 3334 (1623—1662)
723 3271 883 3319 annumerari
910 3279 1003 3335 potest.
1043 3272 1121 3320 Cuius

13 3377 31 3384 -=
131 3349 245 3397 libellum
267 3349 331 3395 «Les
351 3349 472 3410 pense'es»
494 3365 582 3396 omnes
601 3361 693 3398 norunt
712 3350 771 3411 (art.
790 3365 807 3411 4
827 3359 853 3398 et
871 3348 910 3413 6).
