2350 3700
156 133 207 195 236
458 145 496 181 DE
517 145 578 181 lPSA
599 144 728 180 RATIONE
748 144 839 180 ENTIS.

216 293 263 350 lle
285 293 342 349 hac
364 310 396 351 re
417 292 527 367 duplex
548 302 593 349 est
613 292 857 368 philosophorum
879 292 1034 351 sententia.

218 410 242 447 1.
266 390 325 447 Alii
344 390 433 460 enirn,
455 389 626 447 Suaresius¹
647 390 820 465 praesertim
841 401 955 448 etcum
976 390 1043 466 ipso
1058 390 1136 448 Socie-

154 482 222 537 tatis
235 480 300 536 lesu
316 480 439 536 doctores
453 480 584 555 plurimi,
606 480 792 538 contendunt
812 479 843 536 in
864 498 896 538 re
917 479 1025 537 actuali
1047 499 1138 538 essen·

154 570 226 626 tiam
247 579 276 625 et
297 568 497 626 exsistentiam
518 568 580 625 eius
607 586 669 625 non
692 586 756 626 esse
777 569 832 626 nisi
853 569 922 626 duos
942 577 1085 644 comeptus
1105 570 1138 625 di·

153 677 248 716 versos
274 659 358 714 unius
384 664 413 713 ct
438 658 557 713 eiusdem
583 659 634 715 rei.
657 688 694 696 —
726 658 911 733 Argumenta
938 676 1011 717 vero
1039 676 1141 716 eorum

155 748 316 823 praecipua
336 748 411 805 haec
433 756 514 804 sunt:

215 840 243 918 a)
266 845 433 903 Essentiam
448 844 557 915 dicunt,
580 844 604 901 si
626 845 664 903 ab
679 846 785 902 actuali
807 845 869 903 eius
890 846 1059 905 exsistentia
1080 847 1144 903 abs·

154 936 300 1002 trahatur,
328 950 368 991 ne
395 943 495 991 mente
516 932 639 1007 quidem
660 934 780 1009 concipi
809 952 897 1009 posse
918 945 949 992 ut
976 953 1035 992 rem
1056 954 1144 1009 quan-

154 1025 220 1080 dam
241 1034 324 1081 extra
344 1022 468 1079 nihilum
488 1022 520 1079 in
535 1040 633 1080 rerum
648 1033 752 1080 natura
773 1024 908 1097 positam,
931 1024 1002 1097 quia
1015 1024 1159 1081 essentia

155 1112 251 1170 omnis
279 1112 402 1187 physica
429 1112 461 1168 in
481 1111 587 1169 ordine
610 1112 768 1169 actualium
796 1112 915 1187 ponitur
938 1113 1003 1187 ipsa
1023 1131 1076 1170 sua
1095 1130 1141 1169 ex·

155 1201 293 1260 sistentia.
336 1200 466 1258 Proinde
487 1201 616 1258 essentia
636 1210 666 1258 et
686 1202 854 1259 exsistentia
879 1212 924 1259 est
952 1220 998 1259 res
1026 1201 1139 1271 eadem,

155 1310 232 1365 quae
254 1290 361 1348 dicitur
382 1290 524 1360 essentia,
553 1300 699 1363 quatenus
721 1291 925 1349 consideratur
952 1292 983 1347 in
1006 1292 1064 1349 suis
1085 1291 1141 1348 ele·

154 1380 262 1437 mentis
277 1379 478 1449 constitutivis,
501 1378 678 1448 exsistentia,
702 1390 847 1453 quatenus
862 1379 1066 1437 consideratur
1080 1380 1142 1437 eius
1158 1380 1159 1451 l

156 1486 220 1525 esse
241 1469 272 1525 in
293 1478 360 1525 actu
382 1477 464 1525 extra
484 1485 587 1525 causas
609 1477 638 1525 et
659 1478 741 1525 extra
762 1468 951 1526 intellectum.
1014 1478 1019 1485 '

216 1561 246 1637 b)
278 1566 326 1623 «Si
354 1564 522 1623 exsistentia
550 1574 594 1622 est
622 1582 669 1622 res
691 1565 829 1623 distincta
852 1566 890 1623 ab
912 1567 1040 1624 essentia
1062 1567 1159 1636 reali„

155 1655 263 1729 poterit
285 1655 343 1711 Dei
364 1654 469 1711 virtute
491 1654 639 1727 separari,
668 1665 850 1728 supponatur
878 1655 955 1712 sacta
984 1638 1159 1729 separatio¹

156 1754 185 1801 et
212 1742 387 1801 habebimus
408 1742 566 1800 essentiam
587 1743 775 1800 exsistentem
796 1744 884 1801 etiam
906 1754 974 1819 post
999 1744 1147 1802 reiectam

156 1832 236 1889 illam
250 1832 466 1905 exsistentiam
487 1841 516 1890 et
537 1830 713 1890 habebimus
735 1850 770 1890 ex
792 1833 884 1891 altera
904 1843 988 1908 parte
1004 1834 1148 1892 exsisten-

156 1923 235 1992 tiam,
257 1939 334 1995 quae
356 1922 387 1978 in
408 1921 488 1977 nulla
509 1938 540 1978 re
562 1931 683 1995 recepta
704 1921 767 1979 sit.»

217 2015 244 2092 c)
270 2019 431 2087 «Essentia,
455 2037 531 2092 quae
553 2019 584 2075 in
599 2037 630 2076 se
648 2019 753 2094 recipit
767 2019 967 2077 exsistentiam
988 2031 1019 2078 ut
1043 2021 1152 2080 sorma-

158 2110 270 2166 litatem
291 2108 468 2178 distinctam,
491 2117 540 2164 aut
561 2117 678 2183 putatur
693 2125 757 2166 esse
779 2109 921 2166 exsistens
936 2110 1154 2170 antecedenter

158 2198 196 2254 ad
217 2198 296 2254 hanc
317 2197 534 2271 receptionem,
562 2206 612 2253 aut
632 2213 702 2253 non.
747 2197 776 2254 Si
798 2197 857 2254 iam
879 2198 1003 2268 exsistit,
1034 2218 1092 2257 cur
1115 2220 1153 2258 re·

158 2285 248 2361 cipit?
278 2286 308 2342 Si
329 2285 463 2343 nondum
478 2285 596 2354 exsistit,
620 2286 772 2358 quomodo
794 2287 928 2362 recipere
950 2288 1117 2362 potest?»²

219 2377 250 2457 d)
285 2385 443 2440 Praeterea
472 2400 645 2456 processum
676 2383 707 2440 in
738 2383 884 2441 infinitum
914 2385 971 2441 hac
1001 2388 1153 2444 sententia

157 2473 327 2531 necessario
348 2471 449 2528 induci
471 2481 631 2529 autumant.
674 2472 853 2530 Exsistentia
874 2473 969 2543 enim,
998 2474 1104 2548 aiunt,
1132 2477 1152 2532 si

157 2563 195 2618 ab
224 2561 350 2618 essentia
372 2560 510 2618 distincta
530 2570 574 2617 est
602 2569 633 2616 ut
657 2577 719 2629 reS,
749 2579 832 2618 suam
860 2561 1032 2620 necessario
1061 2565 1152 2622 habet

158 2651 316 2708 essentiam
333 2649 496 2724 physicam,
518 2649 559 2705 ita
579 2659 611 2705 ut
632 2658 661 2706 et
682 2649 851 2707 exsistentia
871 2651 935 2726 ipsa
951 2651 1069 2710 duabus
1095 2674 1152 2712 rea·

220 2845 227 2874 ¹
248 2848 397 2895 fi'ratzciseus
416 2848 515 2905 Suarez,
536 2845 670 2894 Societatis
688 2847 746 2896 Iesu
759 2845 967 2912 (1548—1617),
987 2848 1028 2897 vir
1047 2853 1152 2900 eximiae

160 2927 297 2985 doctrinae,
319 2927 345 2974 in
364 2927 493 2990 theologia
512 2935 537 2973 et
555 2926 719 2990 philosophia
738 2927 891 2977 scholastica
909 2928 995 2976 lumen
1008 2933 1151 2996 egregium.

159 3008 228 3053 Inter
253 3023 332 3070 opera
357 3008 411 3054 eius
431 3004 477 3068 (23
497 3007 556 3054 voll.
580 3006 606 3053 in
626 3003 684 3069 tol.)
708 3008 915 3072 «Disputationes
942 3010 1149 3075 metaphysicae»

158 3095 184 3130 et
209 3100 272 3146 opus
299 3085 338 3133 cui
365 3084 449 3132 titulus
477 3087 533 3132 «De
558 3087 656 3133 anima»
685 3086 848 3152 philosophis
882 3091 1049 3138 memoranda
1088 3103 1151 3141 sunt.

160 3161 232 3221 Opus
249 3177 310 3209 vero
329 3163 406 3224 ipsius
426 3163 597 3226 theologicum
616 3168 856 3228 praestantissimum
876 3177 914 3216 est
933 3168 986 3217 eius
1006 3170 1151 3221 Comment.

161 3236 188 3281 in
208 3236 335 3284 Summam
354 3239 379 3286 S.
399 3241 520 3288 Thomae.

251 3315 291 3360 Cf.
311 3316 394 3373 Pescla,
414 3318 475 3366 Inst.
495 3319 546 3383 log.
566 3320 613 3381 III,
633 3321 675 3371 81.
