2350 3700
105 137 157 200 358
391 149 430 185 oa
449 148 625 185 ncrtvrrn'ru
645 149 807 187 conponunt.

164 298 202 355 11.
224 295 411 370 Argumentis
430 304 529 355 centra
548 297 806 356 occasionaltmum
826 299 992 373 pedatim.-

167 406 193 443 1.
214 386 268 443 Ex
281 387 423 462 sapisntia
440 386 503 444 Dei
517 380 620 461 (quam
636 386 781 445 infinitam
798 405 863 445 esse
880 388 1102 445 Malebranche

103 469 251 549 admittit).
280 476 406 550 Sapiens
427 475 508 533 enim
527 475 603 532 nihil
617 476 724 533 frustra
738 476 811 533 facit
824 477 856 533 in
871 478 1020 551 operibus
1035 478 1102 536 suis.
1170 482 1171 507 ¹

103 565 197 640 Atqui
206 564 231 623 si
240 566 323 623 Deus
332 565 411 623 solus
425 565 526 623 omnia
541 564 621 637 facit,
638 582 767 639 corpora
781 575 880 623 autem
892 566 1025 641 physice
1040 584 1104 625 non

103 664 203 729 agunt,
217 656 309 712 multa
322 655 353 711 in
367 654 439 729 ipsis
452 654 560 712 frustra
573 654 723 712 exsistunt.
746 655 866 713 Frustra
881 672 907 713 e.
922 674 952 731 g.
970 674 1104 731 corpora

102 742 232 801 viventia
252 742 409 818 aptissimis
427 742 484 801 illis
498 742 537 800 ad
552 742 704 817 agendum
720 742 840 818 organis
856 744 1007 803 instructa
1026 754 1103 805 sunt.

166 853 192 891 2.
214 832 267 890 Ex
280 832 374 906 falsis
394 833 578 901 consectariis,
601 850 679 907 quae
699 833 870 891 necessario
892 851 931 891 ex
947 834 1105 909 principio
1170 908 1171 911 Ἴ

103 942 122 979 a
142 922 358 981 Malebranche
379 930 487 979 statuto
507 922 649 980 defluunt.
684 920 825 979 Admissa
845 922 926 980 enirn
949 924 1106 981 sententia
1170 948 1171 959 ¹

104 1010 337 1081 Malebranchii‚
368 1020 432 1068 tota
459 1010 517 1068 ruit
547 1011 694 1069 certitudo
723 1022 827 1069 nostra
855 1011 896 1070 de
925 1011 1105 1071 exsistentia
1170 1076 1171 1097 ἦ

103 1100 216 1172 mundi,
238 1118 329 1175 quem
349 1100 469 1158 realiter
489 1101 640 1175 exsistere,
660 1110 692 1157 ut
710 1118 796 1159 ensa
810 1101 899 1158 nobis
913 1100 1103 1173 distinctum,
1170 1100 1171 1175 l

103 1209 165 1248 non
186 1188 307 1247 aliunde
327 1189 465 1247 novimus
484 1188 543 1247 nisi
564 1208 601 1247 ex
622 1187 741 1247 actione
763 1208 924 1265 corporum
946 1190 980 1247 in
1011 1191 1104 1249 nobis
1170 1250 1171 1253 ,

103 1297 192 1337 sensu
211 1278 317 1336 intimo
338 1288 490 1353 percepta.
532 1278 652 1353 Negata
672 1278 801 1354 proinde
825 1278 989 1338 veracitate
1014 1280 1104 1339 huius
1170 1298 1171 1347 j

104 1368 305 1427 conscientiae
326 1379 447 1427 nostrae
468 1367 653 1439 dictaminis,
675 1367 825 1426 inducitur
844 1369 1010 1426 idealrimus
1032 1387 1105 1427 cum

104 1458 242 1516 omnibus
262 1458 321 1516 suis
342 1458 543 1516 consectariis.
1170 1450 1171 1457 '

163 1549 247 1623 Ergo
268 1564 397 1623 corpora
416 1547 551 1604 fruuntur
572 1564 644 1605 vera
664 1546 812 1605 activitate
833 1545 967 1622 physica.

518 1726 629 1783 CAPUT
650 1742 680 1783 11.

239 1849 296 1907 DE
317 1848 628 1922 QUALITATIBUS
651 1848 924 1910 SENSIBILIBUS
939 1848 958 1908 ¹.

497 2001 663 2049 Auricuuus
683 2012 701 2049 1.

202 2115 381 2164 DIVERSAE
401 2114 626 2164 SENTENTIAE
647 2115 754 2165 CIRCA
773 2116 999 2178 QUALITATES

365 2195 565 2245 SENSIBILES
584 2196 834 2246 EXPONUNTUR.

293 2326 311 2394 ἓ
333 2343 355 2380 1.
386 2329 533 2379 Sententia
552 2329 725 2379 scholastica
744 2330 906 2380 declaratur.

164 2454 285 2510 Praeter
313 2451 511 2527 proprietates
537 2452 618 2523 illas,
648 2471 725 2528 quae
754 2453 909 2527 quantitati
931 2471 1108 2530 corporeae
1170 2445 1171 2498 Ῠ

105 2542 187 2600 omni
208 2542 405 2614 conveniunt,
426 2549 565 2618 quatenus
584 2548 628 2599 est
646 2544 785 2612 extraria,
815 2542 985 2601 scholastici
1007 2547 1111 2620 quali-

105 2641 178 2690 tates
199 2633 357 2689 nonnullas
378 2631 409 2688 in
430 2650 462 2690 re
484 2649 632 2706 corporea
653 2641 819 2707 reponunt,
842 2633 950 2706 quibus
972 2633 1110 2694 afficitur

105 2721 268 2796 quantitaS,
297 2727 434 2797 quotenus
461 2727 503 2778 est
520 2723 667 2797 quantitas
681 2721 800 2796 physica
820 2721 886 2779 talis
907 2721 1110 2784 determinati

105 2811 248 2886 eorporis.
271 2809 444 2869 Cuiusmodi
454 2820 521 2868 sunt
530 2810 622 2881 calor,
638 2811 731 2882 color,
748 2828 846 2882 sonus,
862 2829 995 2886 sapores
1010 2815 1107 2874 aliae.

165 2900 329 2973 Qualitates
349 2899 433 2972 illae,
462 2918 531 2958 cum
556 2897 714 2974 quantitati
739 2898 844 2979 insint,
872 2911 905 2958 ut
933 2911 978 2959 est
1005 2921 1110 2977 quan-
1170 2887 1171 2896 ἵ

104 2990 171 3048 titas
191 2989 277 3046 huius
297 2989 346 3047 vel
374 2989 446 3047 alius
475 2987 625 3064 corporis,
657 2987 795 3046 dicuntur
824 2990 976 3064 qualitates
1004 3002 1108 3068 corpo

104 3078 197 3147 rales,·
214 3086 359 3149 quatenus
372 3095 445 3134 vero
460 3087 527 3134 sunt
540 3094 680 3135 sensuum
695 3077 814 3136 obiecta
828 3080 1105 3156 apprehendenda,

167 3245 236 3293 ¹De
258 3248 306 3295 hac
331 3265 358 3295 re
384 3250 415 3298 cf.
435 3251 510 3298 Pescla
529 3253 545 3299 l.
565 3268 587 3301 c.
614 3269 640 3316 p.
659 3253 694 3314 48
714 3270 752 3318 sq.
783 3255 893 3306 Letmen
920 3257 937 3306 l.
958 3274 980 3308 c.
1006 3275 1032 3323 p.
1058 3262 1104 3324 58.

105 3323 217 3379 Mercicr,
237 3323 352 3383 Psychol.
372 3342 397 3387 p.
420 3339 468 3386 132
488 3345 525 3391 sq.
