2350 3700
308 133 347 169 DE
366 133 440 170 ncTu
461 135 497 170 ET
516 135 555 170 DE
575 135 728 171 POTENTIA.
957 133 1006 188 225

43 279 145 354 physice
166 282 306 355 possibile
328 292 379 341 est.
416 281 465 340 Sic
486 282 637 340 moraliter
658 282 840 358 impossibile
862 293 905 342 est
920 284 1012 342 homi·

43 387 98 425 nem
116 370 205 443 gratis
225 370 351 428 mentiri.
387 371 437 430 Sic
451 371 540 430 etiam
560 373 650 446 vulgo
664 373 815 430 moraliter
829 371 1010 446 impossibile

43 469 161 515 censetur
181 457 236 516 iter
256 458 343 517 trium
359 461 528 518 milliarium
549 460 676 536 pedibus
697 460 815 536 ingredi
835 461 874 518 ad
895 479 1010 519 sacrum

42 545 214 604 audiendum.
256 549 327 605 Non
356 548 437 607 enim
466 550 630 608 secundum
660 568 797 608 normam
827 561 886 620 est,
921 569 1011 624 quam

42 633 119 691 libera
137 637 274 694 voluntas
294 637 378 711 sequi
392 638 491 709 debet,
513 650 544 696 ut
565 640 759 698 incommoda
778 658 814 698 ex
835 640 885 697 tali
906 639 1011 697 itinere

41 722 148 780 oriunda
163 723 195 780 in
210 743 241 782 se
255 725 394 800 suscipiat
408 727 447 784 ad
460 727 702 786 satisfaciendum
717 727 892 804 obligationi
902 729 1011 787 Missae

41 811 202 872 audiendae.
217 844 256 850 -
271 814 320 871 Ad
341 815 419 872 hanc
439 815 564 873 alteram
583 835 656 875 vero
678 816 823 875 rationem
844 817 1012 876 moralistae

36 901 153 960 maxime
177 903 379 974 attendentes,
410 903 677 980 impossibilitatem
698 907 745 964 vel
770 905 1009 982 «impotentiam»

36 991 169 1048 moralem
190 992 347 1050 definiunt:
369 993 527 1068 difficultas
543 997 646 1068 granis
658 1004 714 1070 per
726 996 850 1052 accidens
870 997 1013 1052 coniuncta

36 1095 85 1133 cum
104 1081 301 1156 adimpletione
321 1083 389 1155 legis
400 1084 415 1140 ¹.

85 1249 130 1304 Ex
152 1252 317 1324 perspectis
336 1251 381 1309 his
401 1252 572 1310 notionibus
593 1252 669 1311 haec
691 1255 766 1312 ultro
787 1262 949 1329 apparent:

86 1357 110 1394 1.
141 1338 185 1395 Ut
203 1341 315 1412 alz'quid
331 1341 477 1399 moraliter
495 1343 534 1398 sit
546 1343 693 1416 poso'bile,
709 1344 955 1417 praerequiritur,
983 1349 1016 1400 ut

35 1424 132 1498 physice
145 1431 187 1484 sit
198 1429 336 1503 possibile.
366 1431 448 1488 Hinc
463 1429 609 1505 quidquid
624 1431 746 1506 physice
762 1430 944 1507 impossibile
960 1442 1012 1502 est,

35 1531 46 1569 a
64 1514 182 1574 fortiori
202 1518 353 1576 moraliter
373 1519 556 1594 impossibile
578 1530 639 1592 est3
661 1519 790 1577 sednon
811 1537 909 1590 omne,
933 1521 1014 1595 quod

35 1608 183 1664 moraliter
204 1607 385 1681 impossibile
407 1619 460 1677 est,
482 1626 519 1666 eo
533 1609 599 1683 ipso
620 1608 742 1683 physice
757 1609 938 1682 impossibile
960 1620 1013 1668 est.

86 1720 112 1757 2.
136 1697 180 1755 Ut
192 1697 304 1771 alz'quid
314 1697 427 1772 physice
446 1698 485 1754 sit
497 1698 638 1772 possibile,
660 1704 725 1754 ante
738 1698 833 1754 urania
846 1699 1013 1771 requiritur,

35 1796 59 1844 et
77 1787 261 1863 metaphysice
280 1787 319 1842 sit
331 1787 470 1863 possibile.
501 1787 707 1861 Metaphysice
729 1787 810 1844 enim
831 1787 1014 1861 impossibile

35 1878 106 1935 idem
121 1887 167 1935 est
181 1894 218 1933 ac
230 1893 372 1950 non-ens3
387 1876 440 1934 sed
455 1877 597 1934 terminus
611 1875 723 1934 virtutis
738 1876 859 1935 alicuius
874 1894 936 1933 non
951 1886 1014 1951 pot·

35 1978 69 2023 {st
82 1985 148 2024 esse
164 1980 309 2023 non-ens:
328 1966 387 2023 hoc
401 1966 482 2023 enim
496 1976 573 2023 esset
587 1976 692 2023 contra
706 1966 885 2041 principium
901 1978 1016 2023 contra·

35 2054 175 2114 lictionis.
218 2052 309 2111 Unde
339 2054 485 2129 quidquid
516 2054 717 2129 metaphysice
748 2054 930 2129 impossibile
962 2065 1013 2124 est,

35 2145 149 2219 ›hysice
165 2160 289 2217 quoque
310 2143 491 2217 impossibile
505 2154 550 2201 est
566 2143 657 2217 idque
673 2143 794 2201 relative
809 2142 848 2200 ad
864 2154 1016 2217 quantum·

35 2234 66 2290 ris
87 2236 259 2308 perlectam
278 2232 432 2306 virtutem3
452 2232 506 2290 sed
526 2251 589 2290 non
612 2250 711 2303 omne,
734 2232 816 2307 quod
836 2233 956 2290 relative
977 2233 1016 2291 ad

35 2324 117 2380 alem
137 2322 186 2379 vel
207 2321 297 2378 talem
317 2320 454 2378 virtutem
475 2320 598 2395 physice
619 2321 801 2396 impossibile
817 2330 869 2391 est,
891 2339 929 2379 eo
950 2322 1016 2396 ipso

35 2410 232 2487 metaphysice
255 2410 437 2485 impossibile
458 2409 619 2468 dicendum
642 2411 705 2468 erit.

82 2498 306 2558 Perfectissima
326 2508 425 2556 autem
446 2510 490 2557 est
510 2499 600 2557 virtus
621 2500 669 2557 vel
690 2500 831 2573 potentia,
858 2518 934 2573 quae
956 2500 1016 2556 effi·

35 2608 95 2648 ere
118 2598 217 2663 potest
239 2587 385 2663 quidquid
406 2588 608 2663 metaphysice
630 2588 770 2663 possibile
792 2597 843 2645 est.

50 2773 79 2818 4.
101 2760 146 2806 De
159 2756 279 2805 transitu
292 2772 307 2805 e
321 2757 494 2830 potentianad
504 2765 598 2806 actum
609 2756 669 2805 sive
681 2758 715 2805 de
725 2756 880 2805 mutatione
891 2764 918 2805 et
928 2765 1015 2806 motu.

82 2874 106 2928 l.
122 2882 266 2931 Notiones
278 2881 455 2930 evolvuntur.
479 2874 541 2929 Ens
551 2872 583 2928 in
594 2871 734 2946 potentia,
746 2888 814 2928 curn
825 2880 922 2927 actum
934 2888 1016 2927 suum

35 2962 147 3036 ecipit,
179 2962 290 3019 mutari
308 2961 442 3019 dicimus.
485 2962 656 3018 Intellectus
677 2960 814 3035 discipuli
840 2977 865 3016 e.
888 2978 916 3033 g.
944 2958 1018 3015 ideis

36 3051 162 3109 ondum
178 3052 344 3122 instructus,
366 3051 397 3106 in
412 3050 545 3125 potentia
559 3059 603 3107 est
625 3049 664 3106 ad
681 3049 744 3106 illas
758 3046 929 3121 habendas3
950 3065 1017 3104 cum

35 3152 123 3197 utem
145 3139 213 3197 illas
235 3138 375 3213 acquirit,
404 3139 489 3196 aliter
510 3156 574 3197 esse
603 3138 708 3212 incipit
729 3147 817 3209 atque
840 3136 892 3192 fuit
914 3146 1017 3191 antea:

86 3318 93 3347 ¹
116 3318 159 3366 Cf.
183 3318 265 3377 Marc,
285 3318 347 3367 Inst.
367 3316 455 3364 moral.
475 3333 499 3363 n.
521 3328 580 3363 221.

74 3410 277 3459 Reinstadler,
294 3410 362 3449 Elem.
378 3410 456 3459 philos.
472 3406 539 3447 schol.
562 3408 578 3448 l.
830 3407 858 3457 15
