2350 3700
243 177 281 213 DE
301 177 478 214 SYLLOGISMO
497 176 677 215 CATEGORICO
696 178 849 215 PERFECTO.
1004 174 1038 227 79

54 329 74 395 ξ
97 346 126 395 3.
160 336 206 383 De
225 334 401 397 syllogismis
421 335 587 398 categoricis
607 336 777 399 compositis
795 335 841 385 vel
860 335 1023 398 complexis.

102 450 157 507 De
179 449 357 525 syllogismis
379 449 550 525 compositis
571 451 619 509 vel
638 450 810 525 complexis,
833 450 935 525 quoad
955 449 1040 508 recti·

38 536 193 610 tudinem,
216 540 293 598 haec
314 549 381 597 sunt
402 540 569 597 monenda:

104 629 129 685 Ι.
154 627 268 686 Sedulo
297 628 464 687 cavendum
492 639 550 700 est,
579 646 620 686 ne
641 628 671 685 in
700 627 893 688 conclusione
914 630 1041 705 explicite

41 717 111 792 plus
135 716 307 775 enuntietur
328 736 418 793 quam
435 717 466 775 in
480 717 650 793 praemissis
665 716 807 793 implicite
829 728 972 777 assertum
987 729 1039 777 est.

43 904 79 971 (p.
101 905 161 971 60).
203 908 254 955 Tot
273 905 350 972 igitur
369 915 444 956 erunt
461 908 654 972 praemissarum
674 924 730 957 cum
755 909 918 958 conclusione
944 908 1041 957 ordina-

44 988 131 1035 tiones
151 987 306 1052 possibiles,
327 987 444 1036 absolute
462 984 604 1053 loquendo,
631 995 693 1053 quot
711 997 784 1038 emnt
803 1006 833 1038 ex
852 998 971 1055 quattuor
989 990 1043 1037 istis

42 1066 139 1116 litteris
160 1068 284 1117 temariae
298 1068 500 1117 combinationes
512 1068 656 1132 possibiles,
676 1070 744 1117 iuxta
756 1068 827 1134 leges
844 1070 1041 1119 mathematicas.

44 1149 90 1195 Est
110 1157 201 1197 autem
220 1165 318 1197 summa
336 1148 553 1197 combinationum
572 1149 672 1198 illarum
690 1149 803 1198 omnium
821 1148 852 1211 4⁸
870 1169 904 1193 =
923 1152 965 1212 64.
1004 1150 1043 1198 Ex

44 1229 82 1277 his
98 1240 134 1291 52
152 1229 270 1277 invenies
283 1239 373 1277 contra
385 1229 515 1293 generales
528 1230 669 1295 syllogismi
682 1231 783 1295 regulas
795 1246 911 1295 peccare,
925 1232 961 1280 ita
972 1239 1007 1290 ut,
1021 1231 1042 1279 si

45 1326 58 1357 a
77 1308 223 1373 figurarum
241 1309 335 1374 regulis
354 1309 486 1369 abstrahis,
505 1310 643 1376 possibiles
661 1319 807 1360 remaneant
823 1319 918 1360 tantum
940 1324 979 1370 12,
1000 1312 1042 1376 qui

46 1398 117 1437 sunt:
141 1391 235 1450 AAA,
255 1390 334 1449 ΑΑΙ,
355 1390 421 1450 ΑΙΙ,
442 1391 507 1449 ΙΑΙ,
527 1390 613 1449 AEE,
634 1390 723 1451 AEO,
739 1390 831 1452 Aoo,
845 1391 932 1451 ΕΑΕ,
952 1392 1042 1452 EAO,

47 1469 125 1529 EIO,
150 1469 231 1529 IEO,
252 1470 343 1518 ΟΑΟ.

108 1550 204 1610 AEO,
226 1567 282 1599 cum
301 1551 461 1600 contineatur
480 1551 505 1598 in
524 1552 610 1612 AEE,
630 1552 795 1617 praetermitti
813 1561 907 1617 potest.

107 1632 150 1679 Hi
171 1631 240 1680 modi
255 1631 336 1691 utiles,
357 1632 377 1679 si
391 1632 490 1680 termini
504 1632 572 1680 iuxta
584 1633 684 1697 regulas
697 1633 771 1681 trium
776 1634 925 1699 figurarum
942 1632 1044 1682 diversi-

49 1712 125 1760 mode
147 1712 326 1775 disponuntur,
346 1710 459 1761 efficiunt
475 1724 506 1773 19
519 1713 613 1761 formas
625 1712 764 1777 syllogismi
783 1721 871 1773 rectas,
892 1730 955 1778 quae
975 1722 1044 1777 qnat-

50 1802 107 1841 tuor
126 1792 201 1841 hisce
220 1791 351 1841 versiculis
369 1791 572 1857 ingeniosissime
592 1793 779 1858 exprimuntur:

55 1907 79 1948 1¹²
98 1901 161 1965 fig.:
181 1901 306 1960 Barbara,
327 1899 453 1960 Celarent,
476 1900 555 1959 Darii,
576 1901 666 1949 Ferio:
687 1898 768 1965 (modi
787 1898 854 1965 ind.)
872 1901 1044 1966 Bamalipton3

191 1979 318 2040 Celantes,
338 1980 446 2040 Dabitis,
466 1981 599 2058 Fapesmo,
620 1980 827 2030 Frisesomorum.

54 2075 80 2117 2²
99 2069 163 2134 lig:
186 2068 287 2130 Cesare,
308 2068 457 2130 Camestres,
477 2070 588 2130 Festino,
608 2070 721 2130 Baroco;
742 2076 771 2132 3⁵
790 2070 848 2134 fig:
868 2070 984 2134 Darapti,

187 2149 321 2214 Felapton,
341 2149 459 2209 Disamis,
479 2151 571 2211 Datisi,
591 2151 716 2210 Bocardo,
736 2151 851 2199 Ferison.

113 2255 191 2318 Quae
210 2256 295 2303 omnia
313 2265 341 2304 ut
358 2263 428 2304 recte
447 2255 635 2321 intellegantur,
656 2257 795 2305 notandum
809 2266 848 2305 est
867 2265 917 2304 tres
937 2256 1048 2319 syllabas

59 2336 192 2384 cuiuslibet
210 2337 281 2384 vocis
300 2345 350 2384 tres
367 2336 556 2401 propositiones
574 2336 714 2402 syllogismi
734 2338 854 2386 denotare
867 2353 924 2385 cum
938 2338 1048 2401 ipsarum

12 2407 15 2422 ⁸
60 2417 198 2480 quantitate
224 2425 249 2464 et
271 2416 404 2481 qualitate,
431 2425 459 2465 ut
484 2417 562 2482 paulo
587 2426 647 2466 ante
672 2418 832 2468 dictumest.
870 2417 913 2466 Sic
931 2418 1048 2466 Barbara

60 2496 233 2562 syllogismum
251 2497 368 2562 exprimit
386 2496 457 2546 cuius
476 2505 527 2546 tres
543 2499 734 2562 propositiones
747 2507 806 2547 sunt
817 2498 972 2546 universales
985 2497 1048 2546 affir-

60 2585 169 2637 mantes;
191 2577 316 2638 Celarent,
341 2578 514 2642 syllogismum
533 2577 604 2628 cuius
622 2578 701 2627 maior
720 2587 758 2628 est
776 2578 924 2627 universalis
943 2594 1048 2643 negans,

61 2657 145 2718 minor,
166 2657 316 2706 universalis
334 2657 469 2719 affirmans,
489 2658 627 2719 conclusio,
648 2659 796 2707 universalis
815 2673 926 2723 negans,
947 2673 969 2707 e.
990 2659 1005 2706 i.
1022 2675 1048 2722 p.

62 2737 178 2802 Quinque
204 2753 281 2786 voces
306 2754 369 2803 quae
395 2738 462 2786 linea
486 2739 618 2803 supposita
642 2747 700 2787 sunt
728 2744 829 2787 notatae
862 2734 945 2801 (modi
974 2736 1048 2801 ind),

61 2818 204 2882 significant
223 2819 313 2868 modos
330 2819 426 2883 primae
445 2818 541 2884 figurae
561 2819 690 2880 inversae,
709 2835 785 2883 quarn
804 2817 917 2867 nonnulli
937 2826 1049 2882 quartam

64 2897 165 2962 figuram
183 2906 279 2947 vocant
298 2895 336 2964 (p.
357 2896 414 2962 78).

117 2980 232 3028 Litterae
250 2994 311 3028 vero
330 2986 487 3028 consonantes
506 2979 661 3028 diversarum
681 2978 778 3027 illarum
797 2994 888 3028 vocum
908 2980 940 3027 ad
963 2978 1049 3027 reduc-

66 3059 152 3108 tionem
172 3060 306 3108 modorum
325 3059 470 3109 inserviunt.
497 3059 555 3124 Ope
574 3059 643 3107 enim
662 3059 836 3108 conversionis
848 3059 1050 3124 propositionum

66 3148 87 3187 et
103 3139 320 3190 transmutationis
341 3139 495 3204 praemissae
520 3139 623 3188 maioris
649 3155 706 3188 cum
731 3140 828 3186 minore
853 3139 953 3202 plurimi
981 3139 1050 3185 modi

68 3217 195 3283 liguarum
214 3219 366 3283 reliquarum
385 3218 473 3268 reduci
491 3227 599 3283 possunt
623 3219 657 3266 ad
682 3217 788 3280 figuram
814 3217 934 3280 primam,
960 3228 987 3262 ut
1012 3216 1049 3261 sic

68 3299 149 3348 clarius
168 3299 308 3350 necessitas
327 3299 522 3364 consequentiae
540 3299 695 3347 ostendatur.
721 3297 793 3343 Haec
812 3296 898 3343 omnia
916 3302 998 3340 autem
1013 3291 1049 3337 sic

68 3381 248 3444 exprimuntur:
272 3379 398 3428 «Litterae
416 3379 526 3427 initiales
545 3377 652 3425 BCDF
670 3376 784 3431 innuunt,
805 3373 837 3419 ad
855 3387 929 3434 quem
947 3370 1049 3415 modum
