2350 3700
22 9 197 42 W
202 6 336 33 *ew-ruffi·
387 12 390 15 ⁴

119 163 260 200 NOTIONES
280 164 475 199 SUBSTANTIAE
495 164 531 199 ET
550 164 722 200 ACCIDENTIS
744 164 945 200 EVOLVUNTUR.
985 154 1034 216 265

52 310 234 385 supervenit,
262 322 294 369 nt
315 310 408 385 possit
430 311 462 368 in
483 313 548 387 ipsa
569 311 674 370 adesse
694 313 742 370 vel
763 312 875 370 abesse.
918 312 968 370 Sic
988 312 1037 371 ha·

51 399 123 457 bitus
145 400 288 459 scientiae
309 401 535 477 philosophicae
556 401 604 459 vel
625 401 703 460 actio
718 401 916 461 ratiocinandi
930 401 1037 461 dicitur

51 489 86 546 dc
107 490 232 547 Socrate
252 500 285 547 ut
305 490 447 548 accidens
468 491 538 548 eius.
580 490 656 548 Tale
678 489 828 561 accidens,
851 491 933 564 quod
954 508 1037 566 prae·

51 577 178 637 dicabile
198 578 380 649 vocavimus,
402 578 509 637 dicitur
523 578 612 637 etiam
633 580 760 652 laginam,
783 580 853 654 quia
874 580 1038 639 formaliter

52 677 79 724 ut
104 667 273 727 universale
302 668 443 727 reflexum
470 687 533 726 non
555 668 667 727 exsistit
688 668 745 726 nisi
773 668 804 726 in
825 679 939 741 mente,
968 687 1037 728 cum

25 750 29 756 ’
53 756 247 815 fundamento
266 757 300 814 in
311 776 360 829 re.

106 846 233 922 Saepius
261 858 359 905 autem
385 846 522 922 designat
548 864 640 905 unum
668 847 706 905 de
729 848 964 923 praedicamentis
991 850 1038 906 vel

50 936 223 1010 categoriis,
253 945 283 994 et
305 945 376 995 tunc
397 936 543 1011 significat
563 954 627 995 rem
649 936 868 995 consideratam
891 938 1038 995 secundam

50 1024 167 1093 nterim,
189 1044 246 1099 qua
259 1027 370 1082 exsistit
381 1027 419 1082 -in
432 1033 549 1094 natura,
571 1035 717 1099 quatenus
732 1025 844 1084 scilicet
858 1035 903 1084 est
916 1026 1037 1101 aliquid,

50 1114 127 1171 cuius
143 1113 305 1188 quidditati
318 1114 462 1190 competit
481 1132 546 1173 esse
567 1132 630 1172 non
651 1114 682 1171 in
703 1133 745 1184 se,
767 1115 819 1173 sed
841 1115 872 1173 in
893 1115 952 1173 alio
967 1126 1039 1173 tam·

50 1221 136 1277 quam
166 1202 199 1260 in
228 1204 372 1261 subiecto.
415 1204 464 1261 Sic
484 1203 619 1278 potentia
643 1202 837 1279 intellegendi
864 1204 895 1261 in
915 1203 1038 1262 homine

49 1301 90 1349 est
109 1291 273 1363 accidens,
302 1292 373 1367 quia
400 1292 427 1350 ei
456 1293 597 1352 convenit
617 1310 682 1351 esse
709 1310 772 1351 non
798 1292 828 1351 in
850 1311 897 1364 se,
926 1292 980 1351 sed
1007 1292 1039 1350 in

48 1382 186 1452 homine,
216 1382 265 1439 cui
292 1381 435 1439 inhaeret.
477 1381 630 1440 Accidens
654 1382 941 1457 praedicamentale,
970 1400 1038 1441 cum

47 1471 213 1529 secundum
242 1471 289 1542 id,
318 1470 400 1545 quod
421 1471 483 1529 eius
504 1480 667 1546 conceptus
688 1480 906 1546 repraesentat,
935 1489 1039 1531 revera

22 1559 23 1584 *
48 1560 80 1617 sit
100 1560 139 1631 in¹
155 1571 274 1630 natura,
296 1559 403 1617 dicitur
424 1561 513 1618 etiam
533 1561 618 1618 reale.

104 1648 263 1707 Accidens
283 1648 486 1723 praedicabile
505 1650 666 1725 opponitur
680 1648 800 1724 speciei,
822 1647 934 1724 generi,
957 1647 1039 1707 difle-

46 1739 160 1797 rentiae
171 1737 340 1814 specificae,
349 1740 488 1814 propria,·
503 1738 644 1797 accidens
658 1748 756 1797 autem
766 1737 1040 1813 praedicamentale

47 1827 211 1904 opponitur
221 1826 410 1887 substantiae.
436 1828 526 1888 Unde
537 1829 576 1899 fit,
586 1837 619 1886 ut
628 1827 760 1888 extensio
770 1826 857 1887 ideae
867 1826 1039 1887 universalis

47 1917 213 1976 accidentis
241 1916 522 1993 praedicamentalis
547 1917 643 1976 maior
670 1917 707 1976 sit
727 1936 817 1993 quam
838 1918 972 1976 extensio
994 1936 1040 1975 ac·

47 2006 173 2065 ridentis
188 2005 415 2082 praedicabilis:
431 2007 513 2083 prior
528 2007 609 2066 enim
623 2025 687 2066 sese
702 2005 834 2066 extendit
849 2007 887 2065 ad
902 2006 1039 2066 entitates

46 2114 167 2168 omnes,
193 2113 272 2171 quae
294 2106 325 2154 ut
345 2096 513 2155 accidentia
533 2096 747 2172 praedicabilia
768 2095 953 2155 considerari
975 2115 1040 2171 pos-

44 2197 123 2256 sunt,
149 2195 183 2244 et
203 2184 325 2260 insuper
346 2185 385 2244 ad
407 2202 458 2255 ea,
482 2196 647 2260 quaesunt
668 2185 821 2261 proprium
842 2184 964 2244 alicuius
985 2185 1037 2244 rei.

24 2284 26 2299 ⁸
44 2275 91 2334 Sic
105 2293 134 2333 e.
151 2293 183 2350 g.
199 2274 335 2349 potentia
354 2273 552 2333 ratiocinandi
572 2273 603 2331 in
617 2274 738 2332 homine
753 2292 816 2332 non
831 2285 875 2333 est
889 2273 1038 2345 accidens,

42 2365 93 2422 sed
108 2364 270 2440 proprium
291 2365 323 2420 in
343 2364 442 2421 ordine
458 2363 699 2439 praedicabilium,
722 2373 766 2421 est
787 2372 885 2421 autem
899 2361 1040 2420 accidens

42 2456 70 2510 in
83 2453 505 2528 arelinepraedicamentamem,
527 2453 602 2511 sicut
616 2462 646 2510 et
660 2452 724 2527 ipsa
738 2451 817 2509 actio
833 2450 1039 2520 ratiocinandi,

43 2561 120 2617 quae
143 2553 251 2600 tamen
270 2552 316 2600 est
335 2541 477 2600 accidens
497 2542 528 2599 in
548 2553 675 2616 utroque
697 2540 811 2600 ordine.

100 2630 217 2706 Agitur
238 2648 310 2688 vero
323 2631 373 2688 hic
387 2631 426 2689 de
441 2630 597 2689 accidente
612 2629 875 2706 praedicamentali
896 2630 943 2687 vel
958 2627 1039 2700 reali,

44 2721 124 2795 quod
148 2719 291 2778 definitur
312 2720 523 2779 communiter:
552 2739 612 2789 res,
641 2721 717 2776 cuius
742 2719 896 2793 quidditati
916 2719 1042 2793 competit

44 2829 97 2867 esse
118 2813 153 2867 in
178 2809 237 2867 alia
257 2811 434 2884 tamquam'
421 2830 452 2867 m
471 2811 597 2868 subiecta.
640 2807 770 2866 Dicitur:

105 2921 131 2958 1.
156 2917 215 2967 res,
237 2901 314 2956 cuius
332 2900 487 2974 quidditati
512 2907 644 2970 competit
665 2915 720 2954 esse
740 2900 771 2955 in
792 2899 905 2955 alzbl
892 2896 1036 2964 Idenim,

26 2971 157 3084 {quod
149 3007 213 3046 ram
235 3007 322 3064 supra
344 2989 382 3047 de
404 2987 583 3047 substantiae
604 2986 768 3061 quidditate
784 2986 918 3057 diximus,
940 2985 1041 3044 distin-

27 3069 193 3153 guendo
186 3087 263 3135 inter
276 3079 445 3151 exigentiam
465 3076 611 3135 essentiae
633 3086 662 3134 et
676 3075 766 3152 ipsius
779 3075 864 3133 huius
885 3077 1041 3148 exigentiae

42 3169 245 3243 impletionem,
267 3166 399 3225 similiter
420 3166 458 3224 de
479 3166 636 3225 accidente
655 3165 870 3224 declarandum
888 3174 939 3222 est
969 3164 1040 3221 Non

46 3257 125 3314 enim
150 3265 199 3314 est
219 3255 258 3314 de
279 3254 407 3314 essentia
427 3253 591 3314 accidentis
613 3254 703 3312 etiam
724 3265 791 3312 actu
813 3251 987 3323 exsistentis,
1009 3263 1041 3309 ut

46 3346 81 3403 de
97 3346 186 3404 facto
200 3343 333 3404 subiecto
348 3363 402 3403 suo
416 3345 577 3415 inhaereat,
600 3343 653 3402 sed
668 3342 826 3417 quidditati
846 3342 908 3400 eius
927 3351 1039 3399 tantum

28 3483 39 3574 t
