2350 3700
267 163 411 199 DIVERSAE
430 163 612 200 SENTENTIAE
632 164 846 201 AESTIMANTUR.
1001 152 1049 214 381

284 328 303 395 ἓ
322 342 346 393 3.
379 333 552 381 Aestimatur
569 332 836 396 hylemorphismus.

120 455 144 512 1.
177 452 323 511 Sentemia
351 454 516 513 schalastica
547 456 621 512 cirea
654 458 872 513 constitutionem
907 464 1053 532 carporum

57 545 153 617 magis
174 550 359 601 censentanea
373 551 415 601 est
426 543 506 601 maela
521 543 654 618 loquendi
665 544 806 602 Ecclesiae
825 543 963 603 veritates
983 543 1054 603 fidei

59 632 248 705 definientiS,
274 631 344 691 item
366 633 438 708 ipsis
458 632 629 691 veritatibus
650 634 720 693 fidei
741 632 918 692 christianae
938 632 1055 692 videtur

58 740 125 780 esse
148 721 345 780 conformior.

123 822 162 878 ll.
180 820 279 877 Nulla
300 821 380 878 moda
401 827 495 878 tamen
515 822 558 878 aa'
565 821 657 896 fidem
671 822 806 897 pertinet,
827 818 919 879 immo
938 830 1055 879 contro·

60 908 192 967 versiam
221 909 260 967 de
290 920 397 967 natura
426 927 587 985 corporum
618 910 694 969 inter
723 909 885 968 catholicos
915 910 1054 985 agitatam

5 993 6 1042 Ῠ
60 998 131 1056 Pius
152 1000 197 1055 IX
217 1000 335 1056 liberam
356 999 520 1057 declaravit
540 1016 668 1073 eamque
688 998 840 1057 doctrinas
860 1017 942 1058 mere
963 999 1056 1075 philo

5 1143 6 1148 ,
61 1087 204 1163 sophicas
231 1088 397 1164 respicere,
427 1105 516 1163 super
543 1088 650 1163 quibus
679 1088 843 1147 catholicae
871 1089 990 1147 scholae
1014 1088 1055 1146 di-

5 1165 7 1206 l

5 1224 10 1236 .
61 1196 165 1236 versas
192 1178 356 1237 sententias
383 1187 546 1252 sequuntur
573 1197 610 1236 ac
635 1178 719 1252 sequi
747 1188 886 1254 possunt3
913 1178 1056 1253 quoniam

61 1285 205 1342 suprema
218 1266 374 1326 Ecclesiae
389 1266 547 1325 auctoritas
560 1285 723 1343 numquam
739 1286 794 1343 pro
809 1269 901 1326 altera
915 1268 1056 1326 iudicium

61 1356 137 1426 tulit,
160 1356 243 1431 quod
264 1356 389 1414 alteram
410 1357 589 1416 excluderet.

123 1456 179 1513 ΙΙΙ.
201 1455 391 1531 Propagaata
416 1463 458 1513 est
484 1457 553 1513 haee
579 1456 718 1513 sententia
744 1475 763 1511 a
784 1455 960 1531 philosophis
980 1464 1057 1531 prae

61 1545 162 1601 ceteris
184 1546 455 1619 praestantissimis,
485 1546 588 1619 quales
612 1554 678 1603 sunt
699 1543 887 1617 AristoteleS,
916 1546 1057 1603 Albertus

62 1635 211 1708 Magnus,
243 1634 271 1691 S.
300 1633 447 1706 Thomas,
478 1635 506 1692 S.
536 1636 760 1703 Bonaventura,
790 1635 908 1705 ScotuS,
938 1636 1056 1706 Suarez,

62 1723 116 1797 qui
144 1723 224 1781 hanc
255 1723 433 1782 sententiam
463 1723 575 1799 dogma
605 1722 845 1799 philosophicum
874 1723 962 1795 dixit,
993 1725 1056 1799 ipse

63 1811 198 1887 denique
226 1812 425 1873 recentiorum
455 1812 589 1872 omnium
613 1811 858 1889 philosophorum
881 1812 1057 1873 clarissimus

62 1901 201 1960 Leibniz.

123 2001 178 2059 IV.
204 2001 275 2058 Cam
295 2002 422 2059 mnibus
441 2004 592 2060 recentiam
613 2002 793 2060 chemicarnm
806 2002 920 2078 placetis
933 2005 1060 2077 campani

56 2097 159 2166 petest.
203 2091 239 2149 Id
261 2090 350 2162 enim,
374 2092 457 2166 quod
477 2091 735 2150 observationibus
757 2091 886 2167 physicis
907 2091 1058 2150 chemicis-

63 2198 123 2254 que
155 2179 318 2254 detegitur,
349 2198 411 2238 uon
441 2180 507 2256 ipsa
536 2180 699 2239 substantia
728 2190 786 2251 est,
820 2181 873 2239 sed
903 2181 1058 2256 qualitates

7 2267 12 2315 't
62 2271 239 2345 corporales
260 2280 334 2328 sunt.
370 2270 517 2329 Doctrina
536 2289 609 2329 vero
631 2270 712 2328 circa
732 2271 887 2344 qualitates
908 2270 971 2328 illas
990 2291 1057 2345 pro·

63 2377 227 2434 cessosque
262 2359 414 2418 chemicos
446 2379 464 2417 a
494 2359 562 2417 viris
593 2359 781 2417 scientiarum
816 2358 917 2434 peritis
950 2359 1058 2418 tradita

6 2458 15 2561 p
62 2448 236 2507 scholastici
264 2460 383 2507 utuntur
409 2449 448 2506 ad
477 2449 684 2507 conclusiones
712 2466 778 2506 suas
807 2449 952 2508 eruendas
978 2449 1058 2506 circa

9 2569 17 2587 ι
62 2537 162 2613 ipsam
190 2537 397 2609 substantiam,
427 2538 465 2596 de
494 2556 554 2612 qua
580 2537 724 2608 chemici,
754 2547 787 2595 ut
813 2537 955 2608 chemici,
983 2538 1057 2596 nihil

8 2592 11 2687 l
62 2629 186 2686 docent.
236 2627 391 2699 Quatenus
417 2645 490 2684 vero
518 2626 646 2684 chemici
674 2626 780 2702 aliqui,
811 2626 1056 2702 philosophorum

62 2734 158 2786 more,
182 2715 222 2774 de
243 2715 308 2791 ipsa
329 2715 538 2774 constitutione
560 2733 720 2791 corporum
743 2727 841 2790 agunt,
867 2735 970 2774 eorum
992 2735 1057 2774 auc-

62 2806 168 2864 toritas
189 2806 221 2862 in
242 2814 355 2863 tantum
375 2807 466 2877 valet,
489 2804 520 2862 in
542 2815 685 2878 quantum
707 2815 774 2863 sunt
794 2805 972 2881 philosophi,
994 2825 1057 2864 non

63 2905 166 2954 autem
187 2894 219 2952 in
241 2904 382 2970 quantum
404 2904 472 2953 sunt
492 2894 628 2952 chemici.

125 2995 163 3052 V.
179 2994 325 3052 Valorem
339 2993 471 3069 denique
487 2992 965 3054 conclusionumscholasticarum
975 2994 1057 3069 quod

63 3083 186 3142 attinet:

130 3193 155 3231 r.
179 3172 293 3230 Contra
313 3170 502 3247 dynamistas,
525 3179 629 3230 certam
650 3179 691 3230 est
710 3174 741 3229 in
759 3173 884 3230 anteibat
897 3173 1058 3247 cerporibus

63 3264 113 3322 ael
130 3264 162 3320 in
182 3263 252 3338 ipsis
271 3262 466 3319 elementorum
486 3263 587 3319 atamis
605 3262 806 3318 admittendum
821 3278 877 3317 esse
883 3262 1057 3335 principiam

63 3352 207 3428 quaenam
234 3353 396 3420 macrian,
426 3350 444 3409 i.
474 3369 500 3409 e.
529 3350 708 3426 principium
736 3349 891 3407 entitatem
921 3348 1057 3422 corporis
