2350 3700
439 179 525 216 NOTIO
543 178 748 224 QUANTITATIS.
1033 177 1082 229 327

93 329 258 405 poterimus
280 328 474 403 quantitatem
494 344 559 386 esse
577 326 718 386 accidens
733 326 907 385 absolutum.
936 328 989 384 Est
1004 326 1083 385 enim

95 415 1083 493 communistheologorumsententia,inSanctissimaEucharistia,

95 508 212 566 sublata
238 517 308 583 post
334 507 592 566 consecrationem
616 505 778 565 substantia
799 505 898 581 panis,
921 507 1085 582 perdurare

15 591 16 654 ἶ
95 596 158 655 eius
179 599 376 671 quantitatem,
397 598 443 654 cui
461 596 572 671 reliqua
592 594 743 653 accidentia
766 595 942 655 zatacreant.
985 595 1084 669 Quam

15 735 16 738 ,
95 685 339 760 perdurationem
367 686 530 761 explicant,
560 703 624 743 non
651 695 683 743 ut
703 684 861 743 cartesiani
885 686 1002 757 volunt,
1031 704 1085 761 per

15 777 17 788 ’
95 774 271 833 affectiones
291 776 468 833 subiectivas
489 794 507 832 a
528 792 655 850 corpore
670 772 779 833 Christi
797 785 962 849 praesente,
984 776 1031 832 vel
1046 775 1084 832 ab

94 871 163 922 aere
185 863 411 935 circumstante,
439 865 487 923 vel
508 883 526 922 a
546 881 735 938 quacumque
763 864 820 921 alia
844 882 932 922 causa
952 864 1083 935 effectas,

94 953 149 1011 sed
163 953 306 1012 docendo
321 952 488 1011 accidentia
503 952 587 1029 panis
602 963 632 1011 et
645 953 706 1011 vini
719 971 808 1027 supra
822 971 943 1013 omnem
961 964 1085 1012 naturae

13 1085 14 1088 ,
95 1042 237 1101 ordinem
256 1042 321 1118 ipsa
342 1061 382 1114 se,
404 1043 485 1100 nulla
505 1042 564 1101 alia
584 1060 617 1101 re
637 1041 714 1114 nixa,
737 1052 900 1101 sustentare
915 1044 930 1101 ¹.

155 1157 286 1215 Assertio
301 1158 356 1216 IV.
376 1189 415 1196 —
437 1158 595 1217 Evidentcr
614 1158 723 1216 ostendi
739 1176 796 1215 non
811 1164 905 1235 potest
923 1158 1084 1235 separabili·

93 1254 183 1304 tatem
204 1247 372 1321 quantitatis
392 1266 412 1304 a
431 1248 590 1305 substantia
608 1249 720 1305 ratiom'
736 1255 904 1323 repugnare.

157 1345 235 1403 Cum
246 1345 393 1420 quantitas
401 1344 536 1404 videatur
546 1364 610 1404 esse
620 1346 761 1405 accidens
775 1346 949 1415 absolutum,
965 1345 1085 1405 ulterius

89 1433 125 1491 in
139 1434 251 1492 Schola
271 1434 428 1510 quaeritur,
450 1453 523 1493 num
543 1435 609 1493 talis
630 1434 666 1493 sit
686 1446 817 1505 naturae,
839 1444 870 1492 ut
890 1454 909 1492 a
923 1436 1085 1494 substantia

91 1523 230 1599 separari
248 1524 349 1599 possit.
379 1524 439 1582 Sed
459 1542 517 1583 nec
538 1525 631 1583 altera
647 1526 722 1583 haec
737 1524 870 1599 quaestio
885 1525 948 1582 solo
963 1525 1085 1585 rationis

91 1612 208 1671 lumine
230 1613 303 1671 solvi
323 1622 421 1689 potest
432 1614 451 1671 ¹.
488 1612 589 1686 Quare
611 1613 680 1672 satis
701 1613 788 1672 nobis
809 1611 974 1672 christianis
992 1614 1085 1690 philo·

91 1701 199 1776 sophis
229 1719 293 1761 esse
320 1701 482 1774 videbitur,
511 1701 535 1761 si
564 1704 675 1761 lumine
703 1702 828 1761 naturali
855 1701 1085 1762 intellexerimus

90 1790 249 1849 neminem
281 1791 440 1852 ostendere
469 1810 558 1868 posse
587 1792 837 1868 separabilitatem
868 1793 1037 1868 quantitatis
1067 1812 1085 1850 a

92 1881 260 1940 substantia
280 1881 435 1940 evidenter
454 1900 631 1958 repugnare.

155 1978 257 2038 Facile
277 1997 350 2038 vero
371 1978 550 2055 intellegitur
569 1981 629 2039 hoc
650 1980 767 2039 ostendi
788 1999 849 2039 non
871 1998 967 2056 posse.

10 2134 11 2137 ,
159 2096 184 2136 1.
207 2077 313 2152 Neque
334 2076 414 2136 enim
435 2078 552 2137 ostendi
573 2088 671 2154 potest
697 2079 754 2137 hac
782 2077 812 2136 in
834 2096 867 2137 re
889 2079 1011 2139 evidens
1041 2100 1084 2140 re-

90 2165 260 2242 pugnantia
279 2169 402 2237 r'nterna,
425 2167 509 2241 quia:

154 2258 184 2339 a)
206 2266 330 2323 Probari
359 2283 422 2323 non
451 2276 567 2342 potest,
599 2267 713 2326 sublata
743 2267 919 2338 substantia,
951 2287 988 2326 eo
1018 2268 1084 2344 ipso

91 2355 205 2413 auferri
226 2354 378 2414 entitatem
399 2355 577 2430 quantitatis.
614 2355 695 2416 Sicut
715 2357 795 2414 enim
815 2375 871 2415 nos
892 2367 974 2416 certo
989 2368 1084 2416 osten·

91 2445 168 2503 dere
188 2461 252 2502 non
273 2462 427 2520 possumus
447 2445 606 2503 essentiam
627 2446 796 2520 quantitatis
811 2445 948 2505 constitui
963 2447 1084 2505 entitate

92 2534 226 2609 propria,
242 2533 280 2590 ab
297 2533 418 2592 entitate
433 2534 612 2593 substantiae
628 2536 712 2593 aliter
724 2534 926 2594 acmodaliter
936 2535 1082 2607 distincta,

92 2623 137 2681 sic
157 2641 216 2681 nec
236 2622 397 2681 adversarii
418 2622 473 2698 ipsi
495 2613 568 2681 carto
588 2624 748 2683 ostendere
769 2634 892 2700 possunt
912 2625 992 2683 illam
1013 2625 1085 2684 enti·

10 2716 11 2723 ’
91 2723 186 2771 tatem
207 2732 263 2770 raon
283 2731 340 2770 esse
359 2713 417 2770 nisi
428 2714 548 2782 modum,
572 2712 642 2789 quia
656 2733 714 2772 nec
728 2713 807 2790 ipsis,
829 2713 940 2773 lumine
958 2716 1083 2774 naturali

92 2802 253 2874 utentibus,
273 2802 350 2859 haec
371 2801 477 2861 entitas
498 2802 567 2861 satis
588 2814 633 2862 est
653 2813 732 2862 nota.

154 2895 186 2974 b)
207 2899 331 2958 Probari
358 2918 421 2958 non
448 2910 547 2976 potest
566 2901 748 2974 accidentia,
778 2903 892 2961 sublata
912 2904 1082 2975 substantia,

9 3018 14 3037 ·
92 2988 158 3046 fieri
187 2987 381 3061 substantias,
413 2989 483 3064 quia
513 2990 638 3066 simplex
667 2991 773 3049 ablatt'o
802 2992 981 3051 substantiae
1011 2993 1087 3051 m'ttl

158 3201 225 3253 ¹cf.
245 3204 324 3254 Conc.
344 3204 415 3255 Trid.
441 3222 501 3254 sess.
524 3219 571 3269 13,
598 3223 655 3256 can.
676 3221 698 3256 2.
733 3207 789 3256 Cat.
810 3207 888 3256 Conc.
909 3207 979 3256 Trid.
1000 3208 1027 3256 P.
1048 3209 1079 3268 II,

93 3286 127 3334 de
146 3284 226 3334 Euch.
247 3311 280 3317 —
299 3285 387 3348 Lepadi
403 3284 420 3334 l.
440 3301 461 3334 c.
481 3303 507 3350 p.
530 3285 587 3335 186.

155 3361 166 3393 ²
184 3365 224 3413 Cf.
244 3364 385 3428 Ontologia
402 3381 428 3428 p.
450 3374 500 3425 279
520 3374 546 3414 et
565 3365 625 3414 280.
