2350 3700
131 99 140 132 1
151 95 183 147 52
514 94 743 131 CRITERIOLOGIA.

130 245 306 321 corporibus
327 244 396 303 satis
416 244 514 302 multis
536 243 708 314 observatis,
733 242 848 301 inducit
869 243 973 301 omnia
996 260 1123 316 corpora
1148 301 1150 304 ,

129 352 193 393 esse
215 334 324 409 gravia,
346 333 390 391 sic
410 350 515 391 revera
535 331 742 390 ratiocinatur:

190 422 361 497 Quidquid,
389 422 508 480 variatis
536 432 697 496 utcumque
729 422 876 479 adiunctis
904 421 1055 491 externis,
1084 421 1124 476 rei

129 512 217 570 alicui
245 521 416 570 constanter
443 512 598 581 convenit,
625 510 657 568 id
678 511 824 569 rationem
852 511 1057 571 sufficientem
1085 510 1124 566 sui

128 602 240 660 nullam
261 601 349 658 aliam
370 600 482 659 habere
503 610 601 675 potest
622 600 678 658 nisi
699 599 795 675 ipsam
816 606 955 658 naturam
975 600 1066 656 huius
1086 601 1127 654 rei

129 691 177 749 vel
198 691 405 748 imlinateonem
425 690 509 747 huius
529 692 574 747 rei
593 690 762 747 naturalem.

192 779 251 837 Sed
273 797 402 855 corpora
423 797 487 839 esse
508 780 613 854 gravia
627 774 740 853 (petere
762 788 900 837 centrum
920 773 1033 852 terrae)
1056 777 1125 853 ipsis

129 878 374 927 constanter
398 869 546 926 convenit.
590 869 673 943 Ergo
702 884 831 943 corpora
859 886 924 926 esse
953 868 1062 942 gravia
1087 867 1124 924 ad

129 968 266 1015 naturam
288 975 447 1033 corporum
468 958 606 1033 pertinet.

189 1046 250 1105 Sed
264 1047 411 1122 quidquid
425 1047 463 1104 ad
484 1057 621 1104 naturam
642 1047 764 1104 alicuius
779 1047 823 1105 rei
843 1047 982 1123 pertinet,
1004 1046 1039 1104 id
1055 1065 1125 1103 con-

129 1136 232 1194 venire
246 1136 484 1195 debetomnibus
494 1135 662 1205 individuis
678 1153 755 1210 quae
770 1154 837 1193 earn
851 1146 989 1194 naturam
998 1135 1121 1193 habent.

129 1226 211 1300 Ergo
232 1225 334 1283 omnia
354 1243 482 1301 corpora
503 1235 570 1283 sunt
590 1224 701 1300 gravia.

190 1314 275 1388 Quae
297 1333 365 1373 curn
386 1314 427 1373 ita
448 1315 519 1383 sint,
549 1332 678 1389 cumque
700 1314 764 1389 ipsa
785 1315 950 1389 syllogismi
973 1313 1120 1390 principia

125 1404 309 1477 generaliora
328 1404 387 1461 iam
409 1405 440 1461 in
461 1414 524 1461 tuto
546 1404 604 1462 siut
620 1403 725 1479 posita,
748 1422 847 1478 neque
863 1403 1033 1462 dubitemus
1049 1403 1120 1479 quin

129 1492 312 1567 experientia
348 1492 498 1552 criterium
534 1493 570 1550 sit
605 1492 803 1551 certitudinis:
842 1494 882 1551 ad
913 1494 1048 1551 valorem
1079 1492 1119 1549 in·

129 1581 277 1641 ductionis
292 1582 491 1658 incompletae
505 1582 757 1658 perspiciendum,
780 1583 940 1657 requiritur
959 1593 989 1641 et
1003 1582 1117 1652 sufficit,

130 1681 161 1728 ut
187 1672 295 1730 veritas
321 1672 475 1748 principii,
505 1671 587 1746 quod
616 1672 796 1730 inductionis
821 1673 1049 1730 fundamentum
1078 1682 1120 1729 est

130 1762 267 1836 speciale,
290 1762 382 1819 menti
397 1762 476 1820 clare
492 1762 668 1820 innotescat.
700 1761 792 1834 Quod
807 1761 930 1836 quidem
945 1764 1119 1837 prinnpium

129 1852 295 1909 inductionis
316 1870 403 1927 supra
424 1850 569 1910 habemus
590 1852 789 1910 declaratum:
819 1850 976 1927 Quidquid
998 1850 1118 1916 scilicet.

129 1942 251 1998 variatis
281 1948 425 2016 utcumque
452 1941 591 1998 adiunctis
613 1943 754 2010 externz's,
785 1943 830 1998 rei
848 1943 936 1999 alicui
962 1949 1119 2000 constanter

130 2031 264 2099 conuenit,
279 2033 418 2088 rationem
431 2031 618 2106 sufficientem
632 2033 679 2088 sui
690 2032 799 2089 nullom
812 2032 916 2088 trabere
924 2038 1021 2107 potest
1032 2033 1118 2089 diam

129 2120 186 2176 uisi
204 2129 359 2178 naturalem
374 2120 458 2177 leuius
471 2121 516 2177 rei
535 2128 748 2178 inclinationem
766 2122 814 2179 vel
827 2138 965 2178 naturam.
984 2120 1115 2178 -Idem

129 2225 191 2266 non
217 2227 285 2266 raro
315 2207 356 2266 ita
383 2209 563 2278 enuntiatur,
592 2219 625 2266 ut
653 2210 783 2267 dicatur:
812 2209 936 2266 Natura
965 2217 1008 2267 est
1033 2211 1116 2267 deter-

129 2299 238 2356 minata
259 2298 301 2354 od
317 2317 404 2354 unum
425 2299 473 2356 vel
494 2306 604 2355 natura
623 2318 680 2356 uno
701 2305 728 2355 et
751 2300 842 2356 eodem
868 2300 949 2356 modo
972 2307 1115 2375 operatur,

130 2389 187 2444 nisi
213 2388 390 2463 impediatur.
433 2387 484 2445 Ad
510 2389 569 2444 hoc
596 2405 688 2444 unum
715 2387 896 2464 principium
924 2388 1117 2456 attendimus,

130 2476 210 2534 aliud
237 2475 332 2534 enim:
368 2475 532 2550 «quidquid
553 2476 592 2534 ad
613 2487 750 2535 naturam
771 2477 893 2535 alicuius
914 2477 959 2534 rei
980 2478 1115 2552 pertinet,

130 2564 291 2624 convenire
313 2565 404 2623 debet
425 2565 563 2624 omnibus
584 2565 759 2637 individuis,
789 2583 867 2641 quae
893 2583 960 2623 eam
981 2576 1117 2624 naturam

129 2655 270 2726 habent»,
292 2673 347 2730 per
368 2673 399 2712 se
420 2663 511 2730 patet.

189 2746 299 2804 Veritas
319 2751 412 2801 autem
426 2745 565 2820 principii
583 2745 751 2802 inductionis
764 2745 807 2803 sic
821 2745 1002 2803 declaratur:

189 2834 279 2893 Ratio
314 2833 463 2894 sufficiens
498 2834 683 2893 constantiae
713 2834 798 2892 huius
828 2844 952 2892 eventus
982 2851 1047 2892 non
1077 2835 1115 2891 in-

128 2915 245 2983 venitur
266 2923 297 2982 in
328 2923 558 2982 condicionibus
588 2925 687 2993 neoti,
722 2923 754 2982 in
785 2942 846 2999 quo
875 2934 1032 2982 versantur
1061 2943 1112 2992 res,

130 3013 237 3088 quibus
257 3013 334 3071 haec
349 3012 539 3071 conveniunt.
577 3012 796 3072 Observatione
811 3013 891 3072 enim
906 3012 961 3071 rite
976 3012 1112 3082 instituta,

130 3110 254 3169 constat,
276 3099 392 3157 mutatis
414 3118 631 3175 saepenumero
644 3101 689 3158 his
704 3101 941 3170 condicionibus,
962 3101 995 3158 in
1009 3102 1112 3160 eadem

131 3205 163 3243 re
185 3185 312 3242 eandem
333 3187 443 3243 servari
465 3190 662 3246 constantiam
690 3199 822 3248 eventus.
864 3191 940 3248 Item
970 3190 1111 3263 videmus,

132 3271 163 3327 in
193 3270 299 3327 iisdem
333 3271 424 3328 medii
458 3273 578 3333 alicmus
610 3276 849 3350 condicionibus,
885 3277 1019 3338 diversas
1052 3297 1112 3338 esse
