2350 3700
289 121 327 156 DE
347 120 484 156 ESSENTIA
503 120 539 155 ET
558 119 755 156 EXSISTENTIA.
964 119 1014 172 235

96 264 118 340 β)
137 269 262 326 Metelis:
281 268 399 325 duratio
418 268 480 326 sine
499 267 583 325 initio
605 278 635 326 et
655 268 719 325 sine
735 270 794 325 fine
816 269 845 324 in
865 285 930 326 esse
952 287 1017 343 pos·

43 358 108 414 sibili
127 358 174 414 vel
195 357 227 415 in
248 376 313 415 esse
335 357 466 432 cognito,

93 450 120 529 bl
139 457 312 514 Aeternitas
333 458 484 529 negantia:
504 455 620 513 duratio
639 455 703 514 sine
723 456 806 513 initio
824 467 853 514 et
867 456 930 514 sine
947 457 1015 526 fine,

41 563 94 601 non
120 544 333 619 possibilitatis
364 545 417 603 sed
444 545 663 603 indifferentiae
692 545 731 602 ad
759 546 958 604 exsistendum
986 546 1016 602 in

41 634 133 706 quavis
153 645 239 708 parte
260 633 424 692 durationis
445 634 626 692 indefinitae.

92 723 206 795 Quibus
227 723 393 794 declaratis,
415 723 560 781 essentiae
581 722 719 781 dicuntur
736 733 875 782 aeternae
893 723 1017 782 aeterni·

38 822 89 870 tate
109 812 236 887 positiva
256 812 354 884 ideali,
377 822 407 871 et
427 811 600 871 aeternitate
622 813 768 887 negativa.

363 1007 381 1074 ξ
400 1024 424 1059 2.
456 1013 500 1060 De
519 1011 688 1060 exsistentia.

88 1144 111 1199 l.
133 1152 207 1200 Eius
225 1152 306 1201 notio
326 1152 471 1201 evolvitur.
509 1144 663 1202 Essentiae
683 1161 780 1202 rerum
803 1144 949 1202 finitarum
971 1143 1017 1200 vel

36 1241 212 1301 creatarum,
242 1232 346 1290 mundi
374 1251 399 1290 e.
422 1251 449 1307 g.
472 1234 519 1290 vel
542 1233 660 1290 animae
685 1243 819 1302 nostrae,
847 1233 1017 1308 priusquam

36 1331 148 1378 creatae
171 1330 254 1391 sunt,
277 1331 362 1378 erant
383 1321 528 1379 essentiae
549 1322 705 1396 possibiles
727 1323 773 1379 vel
795 1322 946 1396 potentiae
968 1321 1018 1378 ob·

35 1411 164 1468 iectivae.
201 1410 278 1468 Cum
292 1421 390 1468 autem
405 1428 441 1468 ex
455 1410 514 1468 hoc
529 1420 605 1468 statu
619 1411 802 1486 possibilium
824 1410 861 1467 ad
881 1410 1018 1474 ordinem

34 1499 141 1555 entium
176 1498 334 1556 actualium
368 1487 563 1570 transierunt,
604 1499 821 1574 perfectionem
857 1499 1017 1573 quandam,

31 1598 135 1658 actum,
160 1588 369 1662 acquisierunt,
392 1606 452 1662 quo
467 1589 577 1646 factum
595 1599 646 1659 est,
669 1587 779 1645 utiam
801 1589 930 1646 actuales
952 1589 1017 1646 sint.

30 1677 121 1734 Actus
149 1677 200 1734 ille
227 1676 335 1734 dicitur
361 1679 530 1734 exsistentia.
575 1677 749 1736 Generatim
784 1676 912 1752 proinde
948 1677 1020 1735 exsi-

30 1753 135 1822 stentia
157 1763 273 1823 definiri
296 1776 408 1840 potest:
431 1767 582 1823 actualitas
602 1768 734 1823 essentiae
754 1784 805 1824 seu
826 1768 871 1835 id,
899 1785 953 1840 qne
974 1784 1019 1823 res

30 1863 68 1911 est
87 1864 174 1911 extra
194 1856 314 1913 nilee’lnne
334 1876 365 1913 en
385 1857 483 1913 ordine
503 1858 668 1914 actualinm.

87 1963 124 2018 H.
152 1971 196 2018 De
216 1970 395 2019 distinctione
415 1971 555 2019 essentiae
574 1979 603 2019 et
621 1971 808 2020 exsistentiae.
848 1963 892 2019 Ex
916 1962 1014 2020 decla·

30 2061 90 2106 rata
122 2049 312 2108 exsistentiae
339 2051 462 2109 notione
495 2053 575 2109 clare
609 2061 733 2126 apparet
760 2050 836 2108 inter
860 2052 1017 2109 essentiam

30 2140 203 2212 possibilem
225 2150 255 2197 et
276 2139 475 2197 exsistentiam
496 2158 578 2198 suam
601 2158 665 2198 esse
687 2139 917 2209 distinctionem,
941 2158 1017 2214 quae

30 2227 138 2285 exsistit
167 2228 245 2285 inter
272 2246 336 2285 rem
364 2248 454 2285 unam
482 2240 512 2287 et
540 2247 604 2287 rem
632 2229 728 2285 aliam.
771 2229 840 2286 Alia
867 2228 947 2286 enim
976 2240 1019 2287 est

30 2317 158 2375 essentia
179 2316 328 2391 possibilis
350 2317 420 2374 dum
446 2318 477 2374 in
499 2328 574 2375 statu
603 2327 647 2375 est
674 2317 874 2391 possibilium,
903 2318 961 2375 alia
988 2321 1019 2375 fit

30 2422 100 2477 turn,
125 2406 300 2464 exsistentia
317 2406 504 2476 adveniente,
526 2405 646 2480 ponitur
667 2405 697 2462 in
719 2405 824 2464 ordine
847 2406 1016 2464 actualium:

30 2507 126 2552 sctum
143 2494 228 2553 enim
240 2513 360 2565 novum,
383 2515 484 2553 nevam
493 2494 705 2570 perfectionem,
727 2494 861 2569 acquirit.
893 2494 1019 2553 Distine-

31 2584 140 2643 ionem
164 2593 280 2655 autem,
310 2602 387 2658 quae
411 2594 455 2643 est
482 2584 559 2642 inter
586 2602 650 2641 rem
672 2602 762 2641 unam
783 2594 812 2641 et
836 2603 899 2640 rem
920 2584 1016 2654 aliam,

30 2672 201 2748 thilosophi
229 2684 339 2731 vocant
366 2672 587 2731 distinctionem
616 2674 735 2731 realem.
779 2672 948 2730 Dicendum
977 2684 1020 2731 est

30 2762 157 2819 ›roinde
186 2761 264 2819 inter
291 2762 450 2820 essentiam
479 2761 653 2837 possibilem
680 2760 802 2819 alicuius
829 2760 872 2819 rei
901 2772 929 2819 et
957 2762 1019 2820 eius

30 2850 232 2909 exsistentiam
253 2868 317 2909 esse
339 2850 559 2910 distinctionem
581 2852 701 2909 realem.

80 2950 151 3008 Sed
165 2948 286 3007 ulterius
300 2950 403 3024 quaeri
417 2960 523 3025 potest,
543 2959 649 3019 utrum,
666 2948 696 3004 in
712 2966 742 3006 re
759 2949 889 3023 quadam
904 2951 1017 3017 eetnnli,

31 3048 100 3097 nter
124 3038 289 3097 essentiam
310 3038 372 3096 eius
392 3038 547 3114 physicam
575 3049 604 3096 et
628 3038 773 3095 actualem
798 3048 826 3095 et
854 3037 916 3095 eius
948 3038 1020 3097 exsi-

30 3128 170 3185 stentiam
200 3127 237 3185 sit
267 3127 373 3185 eadem
402 3126 566 3185 distinctio:
598 3138 694 3184 utrum
722 3124 833 3183 scilieet
863 3127 894 3183 in
915 3126 966 3185 tali
987 3146 1019 3185 re

30 3217 158 3275 essentia
186 3216 311 3291 physica
340 3227 370 3273 et
404 3215 572 3274 exsistentia
601 3215 663 3272 eius
691 3212 748 3270 sint
776 3214 852 3269 duae
884 3232 945 3281 res,
981 3234 1020 3271 an

31 3315 143 3364 antum
164 3305 227 3363 duo
248 3312 388 3380 conceptus
409 3304 518 3362 diversi
538 3304 624 3360 unius
646 3311 676 3357 et
697 3300 830 3357 eiusdem
852 3301 903 3357 rei.
