2350 3700
331 770 791 835 PRAENOTIONES.

130 916 153 972 I.
176 924 374 986 Cosmologiae
398 924 533 973 definitio.
570 913 763 989 Cosmologia
785 908 899 989 (κόσμος
921 925 950 973 et
970 910 1059 990 λόγος)

76 1013 129 1061 est:
150 1005 267 1061 scicntia
287 1004 386 1061 mundi
398 1012 456 1079 per
468 996 614 1079 supremas
629 1005 688 1061 eius
702 1022 801 1061 causas
814 1004 946 1062 naturali
957 1006 1061 1062 lumine

75 1100 243 1168 comparata.
286 1092 418 1153 Dicitur:

129 1184 255 1251 scientia,
276 1182 295 1241 i.
311 1202 336 1241 e.
353 1181 485 1257 cognitio
499 1183 554 1258 per
568 1200 681 1255 causas,
705 1182 779 1241 sicut
793 1200 856 1241 rem
871 1201 959 1259 supra
974 1178 1013 1259 (p.
1033 1178 1059 1257 1)

74 1270 267 1331 definivimus.

128 1362 235 1419 mundi.
271 1361 353 1435 Quid
374 1361 411 1419 sit
430 1360 574 1431 mundus,
598 1379 634 1419 ex
655 1360 791 1420 dicendis
812 1360 843 1418 in
865 1362 928 1436 ipsa
948 1380 1061 1420 cosmo·

71 1449 149 1524 logia
170 1449 380 1525 philosophice
401 1460 615 1526 cognoscetur:
641 1449 768 1508 essentia
788 1450 869 1508 enim
890 1451 937 1508 vel
956 1461 1062 1509 natura

15 1561 16 1564 ¹
70 1538 175 1597 mundi
196 1550 241 1597 est
261 1559 321 1598 una
341 1558 377 1598 ex
398 1540 460 1598 eius
484 1538 579 1597 causis
607 1540 759 1615 supremis,
802 1539 932 1598 Nomine
962 1551 1061 1599 autem

15 1639 16 1664 ³
70 1628 174 1687 mundi
195 1630 245 1687 hic
266 1629 466 1703 significamus
486 1629 707 1687 universitatem
726 1647 824 1687 rerum
839 1646 1059 1705 corporearum,

71 1718 131 1775 sive
160 1718 322 1776 viventium
350 1719 411 1777 sive
439 1736 501 1776 non
522 1718 692 1776 viventium.
734 1718 833 1791 Quam
858 1718 979 1794 quidem
1001 1720 1062 1776 uni·

71 1807 240 1866 versitatem
263 1807 373 1867 Graeci
394 1803 511 1881 κόσμον,
534 1807 633 1866 Latini
653 1806 806 1879 mundum,
828 1818 951 1884 propter
971 1807 1062 1884 ipsius

71 1897 250 1972 elegantiam
273 1907 303 1955 et
323 1898 469 1969 ordinem,
492 1898 725 1973 appellaverunt.

130 1988 202 2044 Hac
222 2005 298 2045 voce
319 1987 419 2044 mundi
437 1987 584 2045 indicatur
606 1987 806 2061 cosmologiae
828 1988 958 2045 obiectum
978 1993 1061 2044 mate·

71 2075 160 2144 riale,
190 2094 251 2150 quo
279 2075 392 2134 scilicet
420 2075 561 2134 convenit
587 2094 654 2133 cunr
679 2076 816 2134 omnibus
837 2077 901 2134 aliis
922 2075 1060 2146 scientiis,

72 2183 149 2238 quae
179 2164 219 2222 de
249 2165 363 2222 mundo
393 2164 558 2236 disserunt,
589 2174 661 2240 puta
691 2183 758 2222 curn
789 2165 1000 2240 cosmogonia,
1032 2177 1062 2224 et

71 2253 259 2328 distinguitur
287 2255 325 2312 ab
353 2253 402 2325 iis,
432 2272 510 2328 quae
532 2253 569 2311 de
591 2255 656 2329 ipso
677 2272 739 2312 non
767 2263 872 2328 agunt,
902 2254 996 2328 qualis
1017 2265 1061 2314 est

71 2360 96 2400 e.
119 2362 147 2418 g.
170 2343 350 2402 theodicaea
369 2344 417 2401 vel
439 2343 529 2401 etiam
550 2343 786 2418 anthropologia.

124 2440 183 2506 per
208 2441 355 2508 supremas
380 2434 440 2489 eius
466 2450 571 2490 causas.
621 2432 737 2505 Quibus
765 2432 862 2490 verbis
890 2432 1062 2508 exprimitur

70 2519 156 2580 huius
177 2521 319 2579 scientiae
341 2522 471 2579 obiectam
485 2522 616 2595 formale
642 2521 689 2578 vel
717 2521 885 2579 differentia
912 2523 1059 2598 specifica,

71 2628 131 2684 qua
152 2609 340 2684 distinguitur
354 2630 372 2667 a
386 2610 515 2669 scientiis
529 2610 593 2681 illis,
618 2611 793 2685 quibuscum
808 2611 1060 2669 habetobiectum

15 2710 16 2717 ’
70 2697 224 2757 materiale
246 2717 414 2758 commune.
457 2699 531 2757 Sunt
551 2710 650 2758 autem
672 2717 778 2758 causae
799 2700 882 2758 illae:

172 2805 262 2846 causa
282 2787 385 2845 ultima
405 2789 557 2869 intrinseca
576 2789 624 2846 vel
646 2790 763 2845 essentia
785 2783 868 2864 (quid
890 2783 954 2863 sit);

172 2895 263 2934 causa
282 2876 385 2934 ultima
406 2877 531 2952 efficiens
553 2872 581 2951 (a
603 2895 663 2952 quo
684 2872 748 2953 sit)3

172 2983 263 3023 causa
282 2965 385 3023 ultima
396 2967 502 3041 finalis
523 2961 586 3040 (cur
608 2962 663 3040 sit).

131 3055 264 3112 naturali
281 3056 386 3112 lumine
405 3063 584 3130 comparata,
610 3066 641 3113 ut
661 3055 856 3130 distinguatur
878 3055 1062 3132 cosmologia

71 3165 89 3202 a
110 3143 275 3219 disciplinis
295 3145 448 3215 omnibus,
475 3163 551 3218 quae
573 3144 757 3220 theologice,
787 3145 805 3202 i.
827 3163 853 3202 e.
876 3146 930 3204 sub
951 3145 1061 3203 lumine

71 3233 286 3308 supernaturali
305 3228 530 3307 (revelationis),
559 3233 640 3291 circa
661 3252 812 3309 supremas
833 3234 937 3291 mundi
959 3253 1061 3292 causas

74 3321 270 3381 instituuntur.

124 3423 316 3473 Reinstadler,
332 3423 400 3463 Elem.
417 3423 497 3474 philos.
513 3422 581 3461 schol.
604 3422 621 3462 1.
867 3429 896 3462 21
