2350 3700
152 141 203 189 226
454 153 493 188 ou
512 151 575 188 msa
594 151 724 188 RATIONE
743 151 837 188 suris,

150 311 286 358 mutatur.
336 299 467 356 Mutatio
496 300 625 374 proinde
653 299 806 358 definitur:
852 299 1006 356 transitus
1038 298 1076 353 ab
1105 315 1156 352 uno

149 391 229 449 mado
248 407 305 446 sesi
324 389 447 446 habendi
465 389 507 445 ad
524 390 620 445 aliurn.
657 388 707 446 Ad
728 389 927 446 mutationem
949 387 1087 463 proprie
1102 387 1156 444 dic-

150 490 210 537 tam
224 480 281 536 tria
294 479 443 537 elementa
456 479 656 552 requiruntur:
683 497 707 535 1.
730 479 868 534 terminus
881 497 901 534 a
915 497 976 552 qua
1002 475 1037 532 in
1053 475 1155 533 ordine

149 569 257 626 acnrali
284 567 440 626 exsistens:
471 569 537 625 talis
565 577 611 626 est
640 567 670 624 in
692 567 831 642 exemplo
857 568 950 624 allato
985 565 1156 622 intellectus

150 657 304 732 discipuli,
334 667 479 731 quatenus
499 667 544 714 est
570 657 601 713 in
629 657 764 731 potentia
791 656 831 714 ad
858 655 943 713 ideas
974 654 1156 717 habendas:

152 766 178 803 2.
208 747 266 821 ipse
293 747 433 802 transitus
459 740 594 819 (moms):
624 765 642 803 a
669 763 732 803 non
762 755 967 819 cognoscente
1004 762 1034 802 e.
1064 761 1094 818 g.
1123 742 1157 799 ad

150 845 403 909 cognoscentem3
440 853 467 907 3.
499 836 637 891 terminus
663 834 706 890 aa'
730 853 828 908 quern,
864 833 937 891 item
973 832 1013 889 in
1051 832 1156 889 ordine

149 924 319 981 actualium:
339 922 505 981 intellectus
525 922 619 997 pueri,
642 932 787 996 quatenus
809 922 884 980 ideis
904 923 1080 979 instruitur.

211 1013 241 1070 Si
271 1031 308 1071 ex
337 1012 382 1069 his
418 1012 510 1070 tribus
538 1012 694 1070 elementis
727 1029 818 1068 unum
846 1013 893 1068 vel
922 1011 1011 1068 aliud
1046 1011 1154 1078 deficit,

150 1102 273 1159 mutatio
300 1111 344 1159 est
371 1102 525 1176 improprie
551 1102 633 1158 dicta.
677 1103 753 1158 Tres
780 1100 908 1176 proinde
931 1118 1003 1158 esse
1031 1109 1156 1174 possunt

151 1191 329 1248 mutationes
349 1189 518 1265 improprie
534 1190 647 1248 dictae:
737 1199 738 1204 ’

214 1299 238 1337 1.
261 1278 339 1337 Fieri
355 1279 435 1336 enim
450 1289 556 1353 potest,
579 1289 611 1336 ut
625 1279 701 1337 desit
722 1277 785 1354 ipse
803 1281 943 1336 tramitus
956 1278 1000 1336 de
1017 1279 1163 1358 potentiay

151 1368 190 1426 ad
218 1379 316 1426 actum
344 1370 374 1425 in
395 1385 443 1436 rc,
471 1385 545 1442 quac
570 1369 681 1424 mutari
699 1368 818 1436 dieitur,
847 1377 878 1424 ut
898 1385 968 1425 curn
992 1369 1091 1426 arbor
1119 1386 1163 1424 ert¹

150 1476 213 1515 non
235 1457 355 1532 cognita
376 1459 408 1513 fit
428 1457 557 1531 cognita.
594 1458 681 1514 Tune
702 1457 824 1514 mutatio
846 1456 955 1514 dieitur
981 1457 1163 1532 improprie

153 1547 233 1604 dieta
254 1557 284 1604 et
304 1548 467 1603 extrinseca.

214 1657 240 1693 2.
265 1634 343 1693 Fieri
365 1634 476 1692 deinde
498 1644 604 1710 potest,
626 1645 658 1692 ut
678 1633 815 1692 transitus
837 1634 961 1708 quidem
984 1635 1078 1706 adsit,
1102 1633 1155 1692 sed

152 1724 207 1795 ita,
236 1735 267 1782 ut
286 1725 424 1781 terminus
445 1743 465 1780 a
485 1743 539 1798 qua
562 1741 625 1780 non
646 1723 682 1780 sit
703 1723 733 1780 in
756 1723 862 1780 ordine
884 1724 1069 1796 actualium,
1103 1723 1155 1782 sed

150 1815 187 1873 sit
201 1816 329 1891 patentia
349 1814 490 1871 abieana.
528 1815 616 1871 Tunc
636 1812 762 1871 habetur
784 1813 903 1883 creatio,
932 1812 972 1872 de
997 1831 1063 1888 qua
1086 1815 1154 1872 ube-

151 1904 210 1962 rius
238 1904 268 1961 in
297 1904 489 1978 cosmologia.
540 1897 678 1977 (Mutatio
707 1901 867 1960 intrinseca
894 1901 948 1961 sed
978 1904 1152 1979 improprie
1160 1936 1163 2021 p

151 1987 252 2067 dicta.)
1160 2064 1163 2069 u

211 2101 238 2154 3.
260 2081 413 2139 Transitus
434 2081 565 2155 denique
587 2082 650 2138 fieri
671 2091 769 2155 potest
790 2100 808 2137 a
829 2082 957 2139 termino
979 2080 1014 2138 in
1037 2074 1163 2162 ordinep

151 2171 258 2228 actuali
279 2171 436 2228 exsistente
456 2170 685 2237 adtaminata,
713 2171 764 2243 qui
788 2172 827 2226 sit
845 2171 976 2245 patentia
998 2169 1163 2239 obiectant

151 2270 180 2317 et
201 2270 270 2317 tunc
291 2259 435 2317 habemus
455 2258 704 2326 annihilationem,
733 2258 771 2316 de
793 2277 853 2332 qua
877 2258 950 2316 item
971 2258 1005 2316 in
1030 2278 1146 2319 cosmo·

151 2349 230 2423 logia
257 2349 342 2423 plura
369 2359 455 2405 erunt
482 2347 620 2405 dicenda.
664 2342 801 2421 (Mutatio
822 2348 984 2405 intrinseca
1011 2350 1069 2407 sed
1097 2350 1163 2407 im»

151 2438 271 2513 proprie
292 2431 393 2511 dicta.)
1149 2424 1156 2532 i

210 2526 336 2584 Mutatio
357 2536 455 2583 autem
470 2526 589 2601 proprie
609 2526 699 2594 dicta,
726 2544 794 2583 eum
816 2526 971 2583 transitum
993 2544 1057 2584 una
1078 2536 1157 2584 cum*

151 2616 214 2675 aliis
237 2616 353 2673 duobus
380 2616 533 2673 elementis
560 2614 708 2684 includat,
739 2632 858 2689 semper
885 2615 941 2672 erit
970 2615 1157 2705 intrinsecaj

152 2706 299 2779 Quattuor
318 2722 390 2763 vero
411 2703 501 2779 ipsius
522 2703 742 2779 distinguuntur
764 2703 893 2778 species:

214 2815 238 2852 1.
265 2794 418 2851 Generatio
438 2794 485 2850 vel
507 2796 667 2869 corruptio,
691 2810 768 2867 quae
790 2792 881 2850 afficit
903 2793 1000 2867 ipsam
1023 2794 1069 2853 rei
1086 2794 1143 2851 sui·

149 2886 294 2952 stantiam,
315 2895 347 2941 ut
368 2900 435 2941 cum
456 2900 494 2940 ex
508 2901 586 2957 aqua
606 2884 638 2940 fit
659 2880 878 2958 hydrogenium
900 2892 929 2939 et
951 2884 1140 2957 oxygenium.
1162 2901 1163 2927 1

212 2993 239 3030 2.
266 2972 466 3045 Augnuntatia
491 2972 539 3029 vel
566 2972 734 3040 deminutio,
764 2988 841 3046 quae
869 2980 913 3028 est
941 2973 1083 3029 transitus
1104 2972 1139 3029 de
1162 2988 1163 3007 ³

150 3080 211 3118 uno
238 3071 313 3117 statu
339 3061 528 3133 quantitatioa
556 3060 595 3116 ad
620 3061 726 3131 alium,
756 3070 788 3117 ut
808 3078 877 3117 cum
898 3060 966 3133 quis
990 3078 1030 3117 ex
1051 3076 1138 3135 parvo

151 3149 182 3202 fit
206 3164 338 3218 magnus.

211 3250 238 3303 3.
266 3232 409 3289 Alteratia
429 3236 476 3290 vel
497 3236 636 3292 transitus
657 3236 695 3292 de
717 3253 778 3293 uno
799 3246 874 3294 statu
901 3238 1080 3311 qualitativa
1104 3256 1119 3293 a

151 3317 248 3385 alium,
270 3326 301 3371 ut
321 3336 389 3373 cum
410 3320 523 3392 aliquid
545 3339 581 3378 ex
602 3323 683 3379 dulci
704 3324 736 3379 fit
757 3342 899 3383 ansarum.
