2350 3700
273 136 311 173 DE
330 136 426 174 vultus
446 136 579 177 romunt
599 136 826 177 rmrrroulnus.
1005 138 1038 189 23

104 284 218 349 Genus
238 292 399 360 supremum
419 285 491 343 illud
511 295 564 357 est,
587 286 670 361 quod
689 288 744 345 sub
758 288 839 345 nullo
854 288 913 346 alio
927 304 1038 363 genere

34 372 229 431 continetur.

105 462 218 521 Genus
238 462 358 519 medum
378 481 469 537 snpra
489 480 521 521 se
543 472 573 520 et
593 462 671 521 infra
691 480 723 521 se
744 480 856 539 genera
876 464 975 523 habet

105 550 219 609 Genus
237 552 366 628 infimum
386 552 440 610 sub
460 569 573 626 genere
594 551 772 625 continetur,
793 553 847 611 sed
862 554 916 612 sub
930 572 962 613 se
976 571 1039 612 non

33 638 139 698 habet
160 658 284 715 genera,
306 641 360 699 sed
380 651 494 701 tantum
514 640 639 717 species.

104 729 236 803 Species
255 739 387 806 suprema
407 730 458 788 illa
477 739 538 801 est,
562 747 640 805 quae
661 728 830 789 continetur
850 732 905 790 sub
927 750 1038 807 genere

36 836 201 893 supremo

106 907 236 982 Species
256 908 348 966 media
369 927 457 983 supra
477 925 511 966 se
531 916 561 967 et
581 907 660 965 infra
680 926 712 967 se
733 908 824 967 habet
844 908 969 983 species.

106 996 237 1071 Species
252 998 352 1072 infima
366 998 414 1056 vel
427 1000 527 1072 specics
536 998 659 1073 propn'e
672 998 746 1055 alita
760 1015 797 1055 ea
810 1007 862 1069 est,
885 1016 962 1073 quae
977 1016 1039 1057 non

38 1086 140 1144 habet
162 1086 219 1144 sub
239 1104 272 1144 se
292 1086 409 1162 species
429 1086 510 1156 alias,
522 1086 586 1144 sed
607 1094 720 1144 tentum
741 1085 901 1145 individua.

106 1174 231 1248 Quodsi
258 1193 352 1249 genus
380 1175 585 1234 consideratur
613 1175 734 1233 relative
763 1176 802 1233 ad
829 1175 961 1251 speciem
990 1177 1040 1234 ali·

41 1284 150 1339 quarn,
172 1264 358 1339 distinguunt
378 1282 473 1340 genus
493 1274 640 1323 remotum
661 1273 690 1323 et
711 1282 803 1339 genus
824 1264 1008 1340 proximum:

107 1355 217 1412 Genus
238 1360 374 1411 remotum
401 1354 474 1412 illud
501 1364 559 1425 est,
588 1355 643 1412 sub
671 1371 732 1428 quo
760 1353 891 1429 species,
920 1354 1039 1430 deque

41 1443 152 1518 agitur,
177 1442 348 1501 continetur
368 1442 567 1502 mediantibus
588 1443 652 1501 aliis
672 1442 840 1518 generibus,

108 1534 218 1591 Genus
231 1534 400 1607 proximum
421 1542 465 1592 est
484 1532 573 1603 illud,
595 1532 649 1590 sub
671 1549 732 1606 quo
753 1530 884 1607 species,
912 1530 951 1590 de
979 1552 1038 1607 qua

42 1622 154 1696 agitur,
188 1621 347 1678 immediate
366 1621 549 1680 continetur:
571 1620 682 1679 animal
702 1620 825 1679 relative
846 1620 885 1678 ad
907 1622 1039 1696 speciem

40 1710 189 1769 hominis.
212 1711 274 1768 Res
288 1711 426 1786 exemplo
440 1710 491 1768 illo
506 1730 524 1768 a
537 1709 703 1786 Porphyrio
719 1705 807 1785 (saec.
821 1711 873 1767 HI.
889 1728 918 1785 p.
930 1710 985 1769 Ch.
995 1705 1038 1785 n.)

41 1799 221 1875 excogitato
242 1799 378 1858 illustrari
399 1810 511 1876 potest:

344 1970 464 2018 ARBOR
482 1969 745 2018 PORPHYRIANA.

327 2073 474 2123 Substantia
500 2072 592 2139 (genus
618 2070 772 2138 supremum)

44 2184 1038 2217 ——-————--st——--—--=

43 2224 202 2287 incorporea
214 2239 383 2287 —corporea
395 2242 429 2266 =
443 2240 534 2288 corpus
554 2221 633 2288 (spec.
648 2241 723 2289 supr.,
743 2239 802 2289 gen.
822 2225 887 2272 med.
907 2233 933 2272 et
951 2233 1038 2272 remot.

407 2305 477 2353 relat
497 2305 530 2351 ud
553 2302 683 2368 «homo»).

44 2388 1038 2419 p———dh———n-q

43 2425 201 2489 inorganica
213 2451 247 2459 —
260 2426 381 2490 organica
393 2444 427 2468 =
440 2427 528 2475 vivens
547 2425 627 2491 (spec.
641 2427 732 2488 media,
752 2443 810 2492 gen.
828 2427 894 2476 med.
907 2435 932 2476 et
951 2437 1038 2475 remot.

407 2507 477 2555 relat.
497 2508 530 2554 ad
553 2504 682 2572 «homo»).

66 2589 1021 2619 Ρ-ὄὈ--ι--Ι--η

64 2645 146 2678 sensu
165 2644 254 2677 carens
273 2655 307 2664 -
326 2630 438 2677 sentiens
458 2648 492 2671 z
511 2629 604 2677 animal
623 2627 702 2694 (spec,
717 2630 806 2688 media,
821 2645 878 2693 gen.
900 2629 976 2676 infim.
997 2639 1022 2678 et

224 2753 228 2762 ,
481 2706 610 2773 proxim).

83 2833 187 2880 brutum
206 2858 240 2865 -—
259 2832 381 2880 rationale
400 2850 434 2876 =
454 2833 529 2880 homo
548 2830 627 2897 (spec.
649 2831 734 2879 infima
752 2832 792 2880 vel
811 2848 895 2896 propr.
917 2829 1005 2895 dicta).

332 2917 758 2948 ——d-—q

331 2957 419 3005 Petrus
438 2965 464 3004 et
481 2956 573 3004 Paulus
593 2951 754 3020 (individua).

369 3131 393 3166 2.
418 3117 459 3166 Dc
476 3117 615 3165 universali
630 3115 726 3164 directo.

113 3230 294 3290 Universale
313 3229 460 3287 directum
481 3245 517 3284 ex
538 3226 588 3296 iis,
615 3242 691 3298 quae
713 3221 801 3297 supra
822 3223 962 3291 diximus,
989 3224 1042 3278 sci-

55 3337 120 3376 mus
141 3317 339 3394 quidditatem
360 3333 460 3374 rerum
480 3312 669 3369 manifestare
686 3309 846 3365 formaliter
860 3329 919 3362 non
938 3322 969 3360 ut
979 3307 1041 3376 plu-
