2350 3700
260 140 301 175 oa·
322 140 497 176 sunnoorsuo
516 140 697 177 carnooarco
716 141 869 178 trassero.
1023 140 1056 191 73

31 303 113 343 inus
140 286 372 363 hypotheticus,
396 290 558 364 quotuplex
579 288 767 363 distinguitur
781 289 946 364 propositio
967 290 1058 366 hypo

31 374 180 434 thetica.
229 379 286 435 Est
306 377 386 435 enirn
407 377 593 453 syllogismus
613 378 838 453 hypotheticus:

108 482 263 536 connexus,
293 466 317 525 si
337 466 432 525 maior
453 478 497 525 est
524 466 691 542 propositio
718 466 911 544 hypothetica
931 488 1056 528 conexa.

34 554 77 610 E.
106 570 161 629 g.:
195 555 229 613 Si
244 558 326 614 Deus
348 566 392 615 est
412 556 511 627 iustus
533 555 565 613 in
586 558 680 615 altera
692 557 753 614 vita
766 559 968 617 remunerabit
981 558 1055 634 pios.

35 643 155 717 Atqui
164 646 254 703 Deus
268 655 312 704 est
321 644 419 704 iustus.
445 646 527 720 Ergo
541 644 573 702 in
587 645 680 703 altera
692 645 753 703 vita
767 647 968 707 remunerabit
981 646 1056 723 pios.

111 735 333 803 coniurations,
361 736 386 793 si
406 735 503 793 maior
523 744 567 792 est
589 733 754 810 propositio
775 736 968 811 hypothetica
988 755 1057 794 con·

37 821 205 881 iunctiva.
248 825 283 881 E.
306 839 348 898 g.:
377 826 480 881 Petrus
507 842 570 881 non
592 824 678 881 simul
699 834 756 882 stat
779 835 809 883 et
829 826 922 884 sedet.
964 826 1057 901 Atqui

39 921 121 969 stat.
172 914 259 987 Ergo
280 931 342 971 non
364 912 455 972 sedet.

115 1000 325 1071 disiunctione,
354 1002 379 1060 si
406 1002 502 1060 maior
531 1011 574 1061 est
595 1002 761 1079 propositio
788 1004 981 1078 hypothetica
1002 1004 1058 1063 dis-

43 1087 206 1147 iunctiva.
249 1092 284 1149 E.
307 1105 348 1166 g:
385 1092 445 1150 Aut
466 1091 530 1150 dies
558 1101 673 1151 estant
694 1110 762 1150 nox.
805 1093 897 1167 Atqui
918 1092 983 1152 dies
1003 1103 1056 1152 est.

46 1181 147 1254 Ergo
169 1198 236 1237 non
257 1189 302 1237 est
322 1199 391 1238 nox.

120 1289 152 1326 2.
177 1269 371 1344 Syllogismus
391 1269 571 1345 inperfectus
592 1271 641 1329 ille
662 1282 707 1329 est
727 1272 921 1347 syllogismus,
944 1272 975 1329 in
997 1291 1057 1348 quo

49 1357 161 1416 minus
176 1359 260 1417 clare
273 1377 373 1433 neque
388 1358 501 1417 directe
516 1359 671 1419 conclusio
681 1379 718 1419 ex
727 1360 896 1437 praemissis
910 1361 1057 1436 sequitur:

50 1447 221 1505 ordinario
243 1459 359 1506 constat
379 1447 633 1524 propositionibus
648 1449 837 1525 paucioribus
857 1452 904 1509 vel
926 1451 1058 1526 pluribus

54 1556 159 1611 quarn
182 1536 285 1595 tribus

124 1628 177 1684 De
205 1627 370 1684 rectitudine
389 1627 495 1685 horum
517 1627 756 1703 syllogismorum
777 1628 911 1686 omniurn
932 1628 992 1687 iarn
1013 1641 1056 1688 est

56 1714 244 1774 dicendum.

458 1807 626 1857 Astreuuus
646 1821 663 1857 r.

183 1919 233 1968 DE
253 1919 479 1970 SYLLOGISMO
500 1921 730 1971 CATEGORICO
749 1921 942 1973 PERFECTO.

135 2048 154 2116 ᾗ
177 2066 200 2102 1.
233 2055 276 2102 De
295 2054 399 2117 regulis
417 2055 597 2117 generalibus
615 2055 790 2105 rectitudinis
809 2055 976 2118 syllogismi.

124 2176 236 2235 Omnis
263 2177 337 2236 recti
365 2177 528 2253 syllogismi
556 2179 676 2252 regulae
707 2181 863 2254 generales
893 2189 960 2237 sunt
989 2187 1056 2247 octo,

57 2281 192 2338 quannn
222 2277 362 2340 quattuor
389 2266 504 2343 priores
533 2269 666 2325 terminos
695 2262 857 2343 syllogismi
886 2269 1056 2344 respiciunt,

5 2417 7 2434 ἰ
58 2353 200 2428 reliquae
228 2373 319 2428 vero,
344 2358 556 2433 propositiones.
601 2355 687 2429 Quae
715 2356 837 2434 quidem
865 2359 985 2432 regulae
1013 2354 1058 2413 his

59 2443 200 2502 versibus
221 2447 311 2520 vulgo
333 2445 544 2520 exprimuntur.

134 2560 288 2617 Terminus
308 2568 364 2618 esto
385 2562 499 2636 triplex,
522 2562 637 2631 medius,
659 2564 812 2637 maiorque,
834 2564 986 2637 minorque.

126 2651 233 2707 Latius
253 2649 312 2718 lios,
334 2669 419 2724 quam
433 2653 618 2725 praemissae,
641 2653 775 2709 conclusio
795 2671 851 2710 non
872 2652 940 2710 nult.

127 2737 322 2813 Nequaquam
343 2737 461 2796 medium
482 2741 577 2816 capiat
596 2742 730 2799 conclusio
745 2741 801 2815 fas
821 2749 869 2799 est.

128 2827 193 2886 Aut
212 2829 297 2885 semel
314 2835 366 2885 aut
384 2829 486 2885 iterum
507 2830 613 2887 meclius
630 2831 803 2902 generaliter
823 2839 885 2888 csta.

554 2962 572 2998 0¹1¹*

126 3059 238 3116 Ambae
258 3058 441 3134 affirmantes
461 3069 601 3135 nequeunt
616 3080 756 3134 generare
776 3068 930 3134 negantem.

127 3149 258 3222 Utraque
278 3150 305 3206 si
316 3150 478 3224 praemissa
498 3157 586 3223 neget,
608 3152 684 3208 nilil
700 3151 765 3208 inde
785 3157 921 3225 sequetur.

127 3239 258 3294 Peiorem
278 3239 405 3310 sequitur
423 3245 531 3312 semper
551 3239 685 3296 conclusio
700 3246 823 3313 partem.

128 3325 191 3383 Nil
208 3327 335 3400 sequitur
351 3327 471 3398 geminis
493 3343 529 3381 ex
544 3326 771 3399 particularibus
790 3341 931 3396 umquam.
