2350 3700
124 108 173 145 100
500 108 730 147 CRITERIOLOGIA.

181 266 298 315 criticae
317 266 473 329 explicatio.
514 259 551 315 In
578 257 723 316 solvenda
752 256 802 315 illa
822 257 1014 332 quaestione,
1043 258 1107 333 ipse

119 347 247 406 Kantius
268 346 310 405 sic
331 348 502 433 dogmatizat
512 347 528 405 ¹.

179 444 342 521 Triplicem
363 445 491 521 primum
505 444 658 519 distinguit
670 446 841 503 facultatem
857 444 1105 520 cognoscitivam:

183 563 207 602 1.
233 544 293 600 Vim
317 544 455 601 sentiendi
474 537 935 619 («Anschauungsverm6gen»),
962 562 1042 618 quae
1065 555 1110 602 est

119 633 242 691 facultas
263 632 424 691 exhibendi
438 650 536 690 rerum
557 633 852 707 repraesentationes,
874 650 953 707 quae
967 632 1108 690 dicuntur

118 722 288 781 intuitiones
309 720 469 797 empiricae
490 722 538 780 vel
560 722 777 797 phaenomena.

181 841 206 879 2.
237 821 410 878 Intellectum
433 814 644 895 (attentanda)
673 838 725 878 seu
753 820 921 879 facultatem
942 819 1108 889 iudicandi,
1158 866 1160 885 .

118 910 136 969 i.
159 927 185 969 e.
207 908 452 985 multiplicitatem
480 908 668 967 intuitionum
697 909 736 967 ad
766 908 909 968 unitatem
937 909 1107 984 redigendi,

119 1001 173 1058 sub
193 998 304 1057 lumine
325 998 510 1073 quarundam
532 999 709 1073 regularum.

178 1118 204 1173 3.
230 1098 379 1154 Rationem
400 1091 611 1173 (aver-nunu»)
632 1114 684 1154 seu
706 1097 874 1155 facultatem
896 1096 1106 1168 ratiocinandi,

118 1292 179 1341 alles
197 1293 282 1343 bisher
300 1293 467 1342 Geschehene
486 1293 522 1341 als
541 1292 722 1358 ungeschehen
741 1293 882 1341 anzusehen
901 1292 954 1339 und
972 1308 1021 1340 vor
1038 1291 1107 1339 allen

118 1374 220 1437 Diogen
238 1381 319 1423 zuerst
338 1374 378 1421 die
397 1374 479 1438 Frage
498 1374 680 1432 aufzuwerfen,
701 1372 736 1421 ob
754 1373 820 1420 auch
838 1389 867 1421 so
886 1381 976 1431 etwas,
997 1372 1035 1420 als
1053 1373 1107 1419 Me-

118 1454 249 1518 taphysik,
275 1452 373 1501 uberali
398 1470 444 1501 nur
469 1452 579 1516 moglich
606 1453 655 1501 sei»
679 1449 875 1516 (Prolegomena
893 1468 923 1499 zu
941 1453 1013 1501 einer
1028 1452 1106 1515 jeden

117 1534 248 1597 kunftigen
267 1533 436 1597 Metaphysik,
457 1533 497 1581 die
516 1533 552 1581 als
564 1532 749 1581 Wissenschaft
766 1532 830 1581 wird
848 1532 972 1581 auftreten
990 1533 1105 1591 kdnuen,
1158 1549 1160 1610 j

117 1632 142 1677 t>-
164 1626 178 1675 3
199 1610 271 1677 [29])-

163 1691 188 1755 .¹
207 1694 352 1742 Universam
379 1710 448 1741 suam
473 1694 657 1757 inquisitionem
680 1693 790 1742 criticam
816 1693 841 1741 iu
860 1708 947 1741 omnes
971 1692 1106 1741 facultates
1158 1757 1159 1760 Ἰ

117 1774 299 1838 cognoscitivas
318 1773 425 1821 Kantius
444 1781 561 1837 quattuor
579 1775 736 1840 potissimum
754 1773 822 1822 libris
841 1773 963 1821 absolvit:

179 1856 269 1904 Critica
288 1857 390 1903 rationis
403 1862 485 1916 purae
498 1850 596 1918 (Kn'tik
615 1856 661 1902 der
678 1856 765 1904 reinen
778 1850 924 1916 Vernunft),
944 1854 984 1902 cui
997 1853 1105 1902 alterum
1158 1914 1159 1919 ¹

116 1935 273 2000 opusculum,
293 1935 382 2001 prioris
400 1934 584 1998 explicativum,
605 1936 708 1993 addidit,
728 1934 797 1999 quod
816 1935 971 1983 inscribitur:

176 2016 350 2079 Prolegnrnena
378 2031 408 2063 zu
436 2015 505 2063 einer
528 2015 605 2078 jeden
632 2016 765 2078 kflnftigen
792 2015 968 2078 Metaphysik,
998 2014 1040 2062 die
1070 2014 1105 2062 als

116 2095 298 2144 Wissenschaft
316 2095 379 2144 wird
397 2096 520 2143 auftreten
539 2095 649 2143 konnen.

178 2176 268 2224 Critica
287 2177 389 2224 rationis
402 2177 525 2238 practicae
544 2172 642 2238 (Kritik
661 2175 707 2223 der
725 2174 889 2238 praktischen
907 2172 1059 2237 Vemunft).

178 2256 267 2304 Critica
285 2256 389 2304 rationis
406 2255 550 2304 iudicatione
568 2252 667 2317 (Kritik
686 2254 733 2303 der
750 2251 930 2317 Urteilskruft).

175 2336 309 2384 Rationem
329 2344 424 2399 puram
450 2342 525 2384 vocat
543 2335 651 2384 Kantius
669 2335 819 2384 activitatem
843 2334 916 2382 animi
941 2333 1023 2382 nostri
1045 2351 1103 2398 qua-

116 2422 186 2464 tenus
209 2417 240 2464 ab
265 2418 334 2464 aneni
357 2416 469 2464 obiectata
494 2417 609 2475 realitate,
634 2432 698 2480 quae
721 2431 752 2463 ex
775 2416 922 2478 experientia
946 2415 1041 2462 hausta
1058 2431 1104 2462 esse
1158 2430 1159 2433 ¹

110 2497 194 2558 possit,
213 2503 330 2544 evacuata
347 2497 500 2559 supponitur.
538 2497 671 2545 Rationem
690 2495 757 2544 illam
776 2511 866 2561 puram
884 2494 971 2543 dividit
989 2495 1016 2542 in
1035 2495 1103 2542 theo·

115 2575 217 2624 reticam
237 2585 262 2624 et
280 2576 430 2639 practicam:
449 2577 519 2639 prior
537 2592 568 2625 ea
586 2586 638 2637 est,
658 2592 724 2640 quae
741 2584 855 2625 versatur
872 2575 897 2623 in
916 2575 1103 2639 cognitionibus

114 2657 266 2718 speculativis
286 2652 364 2719 (quae
383 2656 554 2715 manifestant,
578 2657 638 2720 quid
656 2657 687 2704 sit
705 2653 805 2718 verum)
825 2654 858 2702 ab
877 2655 1034 2719 experientia
1053 2671 1102 2703 non
1158 2666 1159 2677 ¹

115 2736 332 2798 provenientibus,
359 2735 428 2783 cuius
453 2736 579 2785 obiectum
605 2736 711 2800 proinde
732 2744 770 2784 est
789 2735 927 2783 universale
945 2743 971 2783 et
990 2751 1102 2784 necessa-
1158 2752 1159 2775 ι

91 2815 192 2875 'rium,
219 2824 246 2863 ut
264 2814 412 2880 principium
435 2815 585 2864 causalitatis
606 2812 759 2879 (cquidquid
778 2815 878 2878 incipit,
904 2814 983 2862 habet
1001 2830 1102 2863 causam

115 2892 198 2956 sui»);
219 2894 297 2943 altera
309 2910 370 2942 vero
387 2911 416 2942 ea
435 2903 479 2953 est,
500 2911 565 2959 quae
584 2903 698 2944 versatur
715 2896 740 2942 iu
753 2895 880 2959 principiis
892 2895 1010 2957 practicis
1024 2892 1101 2958 (quae

114 2972 238 3029 indicant,
259 2973 318 3035 quid
337 2973 366 3020 sit
385 2973 526 3021 faciendum
545 2975 585 3023 vel
605 2974 734 3038 quomodo
753 2975 783 3023 sit
802 2971 956 3039 agendum),
984 2990 1051 3038 quae
1070 2976 1102 3023 ab

116 3049 269 3119 experientia
287 3066 338 3097 non
357 3053 506 3112 proveniunt
525 3063 550 3102 et
575 3053 730 3103 voluntatem
749 3063 856 3118 regunt;
883 3069 1006 3117 quorum,
1034 3054 1101 3103 iuxta
1158 3086 1159 3127 ἐ

116 3125 249 3182 Kantium,
269 3128 349 3188 prima
367 3137 438 3177 sunt:
464 3132 516 3179 Fac
532 3132 600 3194 quod
615 3134 658 3180 tibi
668 3135 817 3195 praeseribit
833 3134 955 3198 officium,
981 3133 1101 3185 alterum:

115 3203 167 3262 Age
184 3210 277 3262 semper
293 3207 424 3253 secundum
443 3212 568 3270 regulam,
593 3228 656 3274 qaae
674 3216 753 3274 possit
776 3229 823 3261 esse
847 3215 888 3261 lex
908 3215 1034 3276 generales
1053 3223 1103 3278 pro

115 3279 227 3325 amnibus
244 3282 323 3327 causis
341 3283 426 3332 liberis⁴

1147 6 1160 242 1
