2350 3700
190 146 328 181 REALITAS
348 144 502 181 OBIECTth
522 144 712 188 QUALITATUM
733 143 923 181 SENSIBILIUM.
1003 133 1050 193 361

125 304 222 351 Status
241 302 423 364 quaestionis.
457 291 623 351 Consilium
642 291 730 350 nobis
743 310 805 349 non
821 302 872 362 est,
895 291 970 349 utin
986 310 1055 350 con·

66 382 239 444 troversiam
260 400 402 441 vocemus
423 400 474 452 ea,
504 398 581 455 quae
604 381 641 439 de
662 380 891 453 vibrationibus,
926 380 1056 439 «oscilla-

66 473 223 542 tionibus»,
255 471 318 529 aliis
347 470 477 529 motibus
497 470 628 547 physicis
649 470 696 529 vel
717 470 899 529 mechanicis
920 470 967 529 vel
988 472 1055 529 che·

66 559 158 631 micis,
180 568 215 617 ret
232 561 351 618 realiter
370 561 572 628 exsistentibus,
595 558 650 617 viri
672 558 835 618 doctissimi
849 560 967 617 docent.
999 561 1055 617 Ex-

67 650 167 708 sistere
189 649 271 709 enim
291 650 364 707 tales
384 659 481 707 motus
502 648 533 705 in
554 646 642 707 rebus
672 648 840 723 corporeis,
871 648 1055 723 experientia

67 738 222 797 evidenter
239 738 467 813 comprobatum
482 747 535 796 est.
564 738 673 813 Neque
688 738 726 796 de
741 737 873 796 realitate
888 736 1055 795 huiusmodi

66 827 223 886 activitatis
251 827 391 903 physicae
420 826 555 903 quaestio
583 826 633 884 hic
660 825 832 896 instituitur,
863 844 930 884 cum
951 826 990 884 de
1011 826 1055 883 his

65 918 204 975 omnibus
225 916 378 991 superiore
400 916 498 992 capite
519 915 700 974 sufficienter
721 914 889 973 dixerimus,

126 1015 188 1073 Sed
209 1014 305 1090 agitur
325 1015 374 1073 hic
395 1015 434 1073 de
455 1013 643 1089 qualitatibus
664 1012 721 1071 illis
743 1013 956 1089 corporalibus
981 1031 1055 1088 quas

65 1122 215 1162 unacum
235 1103 364 1161 motibus
389 1103 445 1161 illis
473 1104 504 1160 in
532 1121 565 1161 re
593 1120 740 1178 corporea
769 1102 923 1175 exsistere,
952 1121 1055 1161 sensus

65 1194 153 1253 nobis
176 1192 333 1251 renuntiat.

125 1294 235 1367 Neque
255 1290 390 1367 praecise
412 1292 450 1350 de
473 1291 645 1366 qualitatum
668 1290 783 1349 illarum
810 1310 895 1348 causa
922 1290 1058 1365 efficienti

18 1443 19 1464 ἶ
64 1382 113 1439 hic
142 1382 308 1456 quaeritur,
337 1380 391 1440 sed
418 1381 457 1439 de
485 1399 586 1439 earum
614 1400 699 1439 ceusu
719 1380 854 1455 formali.
897 1380 1056 1454 Quaeritur

64 1472 156 1539 enim,
179 1481 277 1528 utrum
300 1470 454 1545 qualitates
469 1466 538 1528 illae
554 1470 612 1528 sint
626 1471 740 1529 formae
755 1467 934 1528 subiectivae
949 1468 1056 1527 mentis

18 1633 19 1636 Ἴ
64 1561 112 1618 vel
133 1578 215 1617 vana
234 1558 399 1629 simulacra,
422 1559 550 1616 motibus
572 1576 733 1634 corporum
753 1558 898 1617 localibus
919 1558 1055 1617 insensu

64 1650 222 1725 producta,
245 1667 283 1705 an
305 1648 467 1705 formaliter
488 1657 721 1706 extramentem
742 1648 774 1705 in
794 1647 865 1723 ipsis
885 1647 974 1706 rebus
993 1666 1056 1705 cor·

64 1738 168 1814 poreis
190 1736 338 1812 exsistant.
381 1739 421 1795 Et
441 1736 480 1794 ad
501 1737 686 1813 propositam
707 1737 912 1811 quaestionem
936 1755 1055 1812 respon-

65 1829 187 1887 demus:
201 1828 264 1898 ‘Ea,
287 1844 363 1903 quae
385 1826 472 1886 nobis
493 1836 758 1902 repraesentamus,
781 1845 848 1885 curn
864 1827 988 1897 colores
1011 1844 1057 1885 ca-

65 1920 178 1988 lorem,
208 1916 280 1974 alias
302 1915 458 1990 qualitates
478 1915 634 1975 sensibiles
656 1916 879 1991 cognoscimuS,
908 1935 970 1974 non
992 1925 1059 1974 sunt

65 2025 151 2064 mera
172 2005 339 2075 simulacra,
360 2015 443 2063 motu
464 2005 553 2063 locali
567 2023 727 2081 corporum
742 2016 771 2063 et
785 2004 946 2064 subiectiva
961 2004 1059 2062 activi-

66 2107 125 2153 tate
149 2096 267 2165 effecta,
289 2094 343 2152 sed
364 2105 431 2152 sunt
452 2093 536 2152 modi
557 2094 683 2166 essendi,
706 2094 870 2153 formaliter
889 2104 922 2152 ut
943 2112 1059 2170 reprae-

18 2240 25 2261 ,
66 2193 231 2255 sentantur,
253 2183 285 2241 in
305 2184 394 2241 rebus
415 2183 486 2259 ipsis
507 2183 663 2260 corporeis
684 2184 801 2242 realiter
822 2181 1002 2242 exsistentes,

127 2283 237 2356 Neque
258 2293 359 2340 tamen
380 2282 588 2340 contendimus
611 2282 765 2357 qualitates
787 2298 961 2358 corporeas,
986 2299 1058 2356 quas

64 2370 266 2447 percipimus,
289 2371 453 2429 formaliter
472 2371 513 2428 ita
534 2371 674 2430 exsistere
696 2371 727 2428 in
747 2371 851 2442 rebus,
880 2380 911 2427 ut
931 2369 962 2428 in
987 2369 1058 2446 ipsis

67 2460 272 2532 inveniantur,
301 2480 359 2534 qua
379 2461 518 2534 cognitae,
543 2461 628 2536 quasi
649 2461 695 2518 lac
716 2459 887 2518 albedinem
908 2478 990 2518 suam
1011 2461 1058 2517 vel

18 2560 19 2563 ’
67 2548 260 2607 dulcedinem
288 2551 392 2607 sentire
419 2549 584 2624 opinemur.
627 2549 703 2607 lllud
731 2549 812 2608 enirn
838 2548 983 2625 imprimis
1010 2548 1060 2607 hic

18 2666 19 2669 ¹
68 2637 267 2708 intendimus,
290 2649 321 2697 ut
342 2639 533 2697 ostendamus
555 2639 710 2714 qualitates
732 2639 903 2714 corporales
924 2655 989 2697 esse
1010 2657 1059 2696 en·

68 2727 168 2786 titates
188 2727 221 2784 in
241 2726 312 2802 ipsis
333 2729 421 2786 rebus
436 2729 588 2804 corporeis
602 2727 642 2785 ita
657 2728 837 2800 exsistentes,
860 2738 891 2785 ut
905 2747 923 2784 a
937 2727 1059 2786 diversis

17 2849 22 2891 t
68 2816 200 2874 motibus
221 2815 279 2874 sint
299 2816 418 2875 realiter
439 2816 595 2876 distinctae
616 2835 674 2876 nec
695 2837 712 2874 a
740 2816 1060 2893 repraesentationibus

69 2905 179 2964 nostris
200 2906 291 2981 plane
312 2905 438 2965 alienae.

128 3060 233 3110 Thesis
251 3061 391 3122 probatio.
423 3071 447 3108 1.
462 3051 516 3108 Ex
529 3058 638 3109 natura
653 3052 822 3125 cognitebm's.
839 3081 878 3089 -
893 3049 1058 3124 Qualitates

69 3140 235 3212 sensibiles,
258 3141 296 3198 de
318 3139 425 3215 quibus
446 3139 625 3212 disserimus,
647 3141 779 3216 singulae
800 3140 982 3216 singulorum
997 3159 1060 3198 sen-

69 3248 155 3287 suum
178 3239 246 3286 sunt
267 3229 386 3288 obiecta
406 3230 537 3305 propria.
580 3229 630 3286 Ad
651 3229 715 3306 ipsa
736 3229 816 3288 enirn
836 3229 933 3305 primo
955 3238 985 3287 et
1005 3245 1061 3303 per

69 3337 101 3377 se
133 3318 393 3394 apprehendenda
427 3319 507 3377 clare
534 3318 669 3377 videmus
697 3317 829 3376 diversos
859 3335 960 3376 sensus
995 3335 1059 3376 esse
1128 3355 1161 3400 A
