2350 3700
20 11 24 13 ,
84 8 216 30 ,ΜΨ-
236 8 257 11 --
273 8 284 14 -

151 137 191 172 DE
209 137 254 183 ns,
273 136 350 182 QUAE
369 138 542 174 PROBATIONI
562 138 638 175 SUNT
659 139 890 175 PRAEMITTENDA.
967 127 1016 187 187

94 285 116 340 1.
139 284 295 358 Proposita
316 285 499 359 quaestione,
521 304 547 343 e.
563 304 592 361 g.
614 296 710 343 utrum
726 285 825 343 anima
838 287 969 343 humana
982 286 1019 345 sit

28 370 207 431 immortalis
233 391 348 445 necne,
378 375 479 444 dnbio,
507 376 624 449 siquae
651 381 733 443 sunt,
759 381 826 431 ante
851 376 946 431 omnia
972 393 1017 431 ex·

21 469 184 536 ponantur.
227 462 326 535 Quam
348 462 469 536 quidem
491 462 708 521 dubitationem
729 464 927 522 necessariam
953 480 1017 521 esse

27 551 56 607 S.
76 551 194 609 Doctor
206 550 252 609 his
266 551 364 610 verbis
379 552 524 611 declarat:
543 550 635 622 «Illi»,
650 551 755 626 inquit,
779 550 848 627 «qui
862 553 963 610 volunt
977 553 1018 609 in-

26 640 150 715 quirere
178 640 335 699 veritatem
355 659 419 699 non
440 640 662 700 considerando
689 642 770 716 prius
793 641 1017 712 dubitationem,

26 729 228 787 assimilantur
248 728 297 800 iis,
327 729 378 805 qui
398 730 535 788 nesciunt
555 748 617 804 quo
637 729 756 788 vadant.
798 732 837 788 Et
857 730 916 789 hoc
938 729 1016 800 ideo,

26 818 115 893 quia,
145 817 221 876 sicut
241 819 383 877 terminus
409 818 476 877 viae
504 829 549 877 est
569 818 657 891 illud,
686 819 768 894 quod
788 818 952 877 intenditur
978 819 1017 877 ab

25 908 212 978 ambulante,
227 906 268 965 ita
283 906 413 966 exclusio
428 907 622 966 dubitationis
636 917 680 967 est
694 908 768 979 finis,
792 908 842 982 qui
857 907 1020 967 intenditur

23 997 63 1054 ab
79 996 254 1071 inquirente
268 996 431 1055 veritatem.
467 997 659 1055 Manifestum
674 1006 718 1055 est
732 1006 838 1069 autem,
862 998 944 1072 quod
959 996 1016 1069 ille,

23 1085 77 1159 qui
99 1084 200 1143 nescit
221 1102 282 1159 quo
302 1085 407 1157 vadat,
428 1105 491 1144 non
512 1086 623 1161 poterit
643 1085 757 1145 directe
778 1086 834 1156 ire,
863 1086 919 1145 nisi
941 1086 1017 1144 sorte
1074 1114 1079 1121 ·

22 1194 40 1231 a
54 1192 140 1232 casu.
174 1176 256 1249 Ergo
270 1193 328 1233 nec
341 1176 447 1249 aliquis
460 1184 559 1251 potest
572 1174 685 1233 directe
699 1174 849 1249 inquirere
864 1176 1017 1234 veritatem

22 1263 80 1322 nisi
104 1262 190 1338 prius
210 1262 310 1321 videat
329 1263 596 1322 dubitationem.›¹

85 1354 129 1410 Et
150 1352 215 1427 ipse
237 1351 367 1427 quidem,
388 1372 466 1427 quae
488 1353 551 1412 fieri
572 1353 684 1411 debere
699 1353 828 1411 docebat
849 1352 880 1411 in
898 1353 1014 1424 scholis,

23 1442 53 1501 id
75 1458 204 1516 semper
226 1440 360 1500 faciebat.
405 1442 513 1516 «Apud
535 1443 563 1501 S.
585 1444 752 1501 Doctorem
773 1442 903 1500 enimin
924 1443 1017 1500 omni·

22 1532 79 1589 bns
103 1529 205 1601 libris,
234 1530 337 1606 quiin
357 1548 442 1589 usum
462 1531 583 1590 scholae
607 1530 745 1590 destinati
766 1542 848 1603 sunt,
875 1530 907 1589 in
932 1549 1016 1589 more

24 1632 69 1679 est
84 1618 235 1695 positum,
258 1629 289 1676 ut
308 1621 390 1695 prius
410 1619 540 1679 dicatur:
565 1622 681 1678 Videtur
700 1622 778 1696 quod
794 1640 866 1690 non,
888 1619 1014 1680 deinde:

25 1710 87 1767 Sed
114 1715 230 1779 contra,
266 1718 296 1767 et
325 1719 386 1767 tum
420 1708 581 1767 accedatur
611 1710 650 1768 ad
684 1709 790 1768 thesim
825 1710 919 1785 ipsam
951 1729 1017 1785 pro-

26 1798 165 1858 bandam
185 1796 330 1857 dicendo:
358 1798 521 1875 Respondeo
541 1799 701 1869 dicendum,
723 1798 826 1858 ultimo
847 1809 946 1858 autem
967 1800 1017 1857 fiat

27 1889 174 1965 responsio
194 1888 236 1944 od
252 1889 385 1946 dubia.»²

89 1979 128 2035 ΙΙ.
153 1979 207 2036 Est
220 1987 319 2036 autem
332 1977 409 2035 haee
423 1977 568 2035 dubitatio
581 1978 672 2035 sobrie
685 1977 873 2037 instituenda.
909 1979 945 2036 Id
959 1988 1015 2036 est:

93 2088 117 2124 1.
151 2066 238 2138 Quae
265 2077 334 2125 sunt
356 2075 414 2142 per
441 2085 470 2123 se
497 2067 655 2124 immediate
684 2066 848 2139 evidentia,
879 2066 1016 2126 veritates

26 2155 194 2233 praecipue
221 2155 289 2214 illae
318 2173 438 2227 omnes,
465 2173 541 2230 quae
570 2155 635 2230 ipsa
656 2174 708 2214 sua
735 2155 919 2214 dubitatione
940 2156 1017 2213 affir-

25 2257 165 2315 mantur,
187 2245 219 2302 in
239 2245 362 2304 dubium
383 2246 521 2303 vocanda
541 2262 604 2303 non
625 2255 700 2317 sunt,
722 2263 820 2320 neque
842 2246 871 2302 in
894 2244 1016 2303 dubium

25 2337 110 2395 reale
146 2352 246 2409 neque
278 2333 311 2391 in
345 2333 468 2392 dubium
501 2333 712 2392 methodicum.
761 2333 893 2392 Dubium
936 2333 1017 2392 enirn

25 2425 109 2483 reale
132 2423 257 2481 omnino
278 2433 323 2482 est
342 2422 541 2499 impossibile3
562 2422 684 2482 dubium
702 2433 800 2482 autem
814 2422 1016 2482 methodicum

27 2515 110 2572 circa
132 2511 230 2588 prima
250 2512 398 2588 principia
417 2513 513 2587 ipsam
533 2512 765 2589 philosophandi
791 2511 1016 2588 possibilitatem

28 2601 162 2663 destruit.

90 2713 117 2750 2.
141 2691 229 2764 Quae
251 2700 332 2749 certa
353 2700 428 2762 sunt,
450 2709 512 2750 non
533 2701 658 2767 propter
676 2691 877 2750 immediatam
899 2689 1017 2749 eviden-

29 2780 108 2852 tiam,
125 2780 179 2839 sed
194 2779 264 2856 quia
277 2780 511 2839 demonstratione
523 2781 733 2855 suntproboto,
755 2780 786 2838 in
799 2779 922 2838 dubium
937 2780 1016 2838 reale

29 2888 91 2928 non
119 2879 188 2928 sunt
213 2869 364 2940 vocanda,
393 2870 452 2928 hoc
473 2869 553 2927 enim
574 2869 756 2945 impossibile
778 2880 838 2944 est3
865 2869 1017 2927 methodica

31 2970 128 3019 autem
149 2957 296 3016 dubitatio
311 2957 391 3016 circa
411 2958 462 3016 illa
481 2958 560 3017 utilis
573 2968 627 3031 est,
649 2969 680 3017 ut
693 2957 798 3016 melius
812 2956 1015 3033 perspiciatur,

32 3049 209 3124 quibusnam
239 3047 439 3107 fundamentis
470 3066 570 3106 earum
605 3047 761 3106 veritatum
795 3045 941 3104 certitudo
975 3045 1016 3105 in·

33 3138 156 3211 nitatur,
185 3146 216 3196 et
235 3146 267 3195 ut
288 3156 366 3212 quae
387 3154 543 3197 remanere
565 3147 689 3213 possunt
708 3135 896 3195 difficultates
922 3153 1016 3194 remo-

92 3325 100 3357 ¹
119 3327 151 3374 In
169 3324 215 3374 lib.
236 3337 251 3386 3
271 3325 385 3389 Metaph.
404 3323 462 3373 lect.
485 3337 506 3372 1.
580 3320 591 3351 ²
610 3323 649 3370 Cf.
668 3322 743 3370 Pesch
761 3321 777 3368 l.
798 3337 819 3370 c.
839 3338 864 3384 p.
883 3334 944 3380 491.
