2350 3700
122 132 173 193 396
314 143 352 178 DE
372 142 470 179 causls
490 142 631 178 SUPREMIS
651 140 748 177 MUNDI
769 140 918 178 CORPOREI.

1160 17 1165 26 ’

121 289 266 366 consequi
292 289 386 366 possit
411 290 519 360 finem,
551 306 642 363 quem
673 289 734 347 eius
763 298 869 346 natura
898 290 1048 364 postulat,
1079 308 1115 347 ne
1168 294 1169 299 ’

120 399 229 438 manca
255 381 302 438 vel
331 379 508 454 imperfecta
536 389 665 437 maneat.
715 377 764 436 Sic
791 380 927 436 naturale
956 378 1048 436 nobis
1076 390 1118 436 est

120 470 232 528 habere
254 486 371 544 corpus.
413 466 464 526 Sic
490 467 579 527 etiam
606 485 780 539 concursus,
810 485 901 541 quem
922 459 1009 526 Deus
1030 467 1118 526 nobis

121 559 253 633 praebet,
275 568 307 616 ut
327 557 367 616 de
385 557 519 633 potentia
532 556 738 632 cognoscendi
752 557 791 615 ad
805 566 905 615 actum
918 566 1117 626 transeamus,

121 646 229 706 dicitur
249 646 362 721 aliquid
382 645 471 705 nobis
490 647 635 719 naturale,
658 646 728 721 quia
748 655 792 705 est
812 645 979 704 secundum
997 646 1119 721 exigen-

120 736 193 794 tiam
213 745 334 795 nostrae
353 745 487 794 naturae.

181 820 213 899 b)
234 825 383 883 secundum
403 826 487 893 vires,
509 824 528 881 i.
544 842 569 882 e.
585 825 719 883 naturale
740 833 785 882 est
803 822 953 899 'quidquid
974 841 1031 882 ens
1050 842 1118 899 pro·

121 914 194 989 priis
212 913 324 972 viribus
343 913 463 972 efficere
490 923 599 988 potest.
640 912 689 970 Sic
711 912 896 984 ratiocinari,
926 930 1117 988 cognoscere

121 1005 220 1061 Deum
240 1001 402 1062 discursive
423 1012 469 1061 est
487 1001 604 1060 homini
623 1003 766 1061 naturale.

182 1085 210 1165 c)
231 1091 378 1149 secundum
399 1093 541 1149 entitatem
563 1091 611 1149 vel
631 1090 864 1165 perfectionem,
889 1091 908 1150 i.
931 1111 958 1151 e.
980 1102 1013 1150 ut
1033 1102 1117 1150 natu·

120 1181 183 1239 rale
204 1180 318 1255 aliquid
338 1180 399 1240 dici
419 1180 526 1257 possit,
556 1179 714 1255 requiritur
735 1191 765 1239 et
785 1180 907 1251 sufficit,
936 1192 968 1239 ut
994 1180 1026 1237 in
1050 1180 1118 1257 ipsa
1168 1194 1169 1207 l

121 1268 243 1328 entitate
270 1288 323 1328 sua
343 1270 564 1329 consideratum
585 1269 624 1328 sit
651 1268 796 1345 perfectio
818 1270 968 1345 quaedam
988 1280 1116 1329 naturae

121 1366 230 1416 creatas
250 1359 299 1417 vel
312 1360 448 1417 creabilis.
478 1358 527 1417 Sic
541 1358 754 1429 immortalitas,
776 1358 885 1417 eximia
899 1358 1033 1431 scientia,
1054 1358 1116 1416 alia

121 1446 304 1518 huiusmodi,
334 1448 435 1507 etsie.
457 1465 485 1523 g.
508 1447 688 1523 exigentiam
715 1448 762 1506 vel
787 1448 865 1507 vires
885 1447 1015 1507 hominis
1036 1457 1116 1505 tran-

122 1537 283 1607 scendunt,
312 1546 393 1597 recte
421 1547 520 1596 tamen
542 1538 573 1595 in
595 1556 626 1595 se
647 1536 718 1612 ipsis
740 1538 947 1597 consideratae
976 1548 1045 1596 sunt
1065 1538 1117 1595 ali-

124 1625 196 1701 quid
225 1627 375 1697 natiuale,
410 1626 481 1701 quia
510 1636 578 1684 sunt
607 1625 808 1701 perfectiones
838 1626 959 1685 alicuius
989 1636 1117 1685 naturae

123 1725 251 1786 creatae,
272 1716 320 1773 vel
340 1716 445 1774 saltem
467 1715 612 1787 creabilis,
635 1733 661 1775 e.
683 1734 712 1791 g.
734 1716 917 1791 angelorum.

184 1824 211 1863 2.
232 1803 458 1880 &epernaturale
478 1803 590 1881 duplici
608 1822 695 1864 sensu
713 1804 846 1881 intellegi
860 1815 966 1881 potest.
1004 1805 1116 1866 Distin·
1168 1774 1169 1789 ἶ

122 1893 220 1970 guitur
232 1894 313 1953 enim
326 1895 548 1970 supernaturale
563 1893 738 1970 simpliciter
751 1895 810 1954 tale
823 1896 871 1954 vel
887 1897 1115 1972 supernaturale

123 1984 305 2053 absolutum,
330 1994 360 2042 ct
380 1985 603 2059 supernaturale
625 1985 787 2055 relativum,
810 1984 892 2060 quod
913 1985 1115 2044 communiter

123 2071 230 2131 dicitur
250 2074 511 2148 praeternaturale.

183 2163 236 2219 Est
250 2170 348 2220 autem
362 2163 580 2238 supernaturale
594 2163 749 2220 absolutum
766 2163 805 2233 id,
828 2163 910 2238 quod
929 2174 974 2221 est
996 2174 1115 2238 praeter
1168 2239 1169 2246 ἵ

123 2249 316 2325 exigentiam,
352 2250 444 2319 vires,
474 2251 627 2310 entitatem
655 2252 702 2310 vel
730 2251 948 2328 perfectionem
978 2253 1113 2310 omnium
1168 2249 1169 2316 l

122 2349 293 2397 naturarum
314 2351 480 2399 creatarum
500 2341 548 2398 vel
569 2341 751 2400 creabilium.
795 2343 1026 2416 Supematurale
1048 2361 1114 2416 pro·
1168 2335 1169 2364 ³

122 2428 193 2487 inde
214 2428 382 2487 absolutum
401 2431 450 2488 vel
469 2429 501 2486 in
522 2448 611 2488 sensu
632 2429 733 2488 stricto
754 2440 926 2504 acceptum:

183 2511 212 2592 a)
234 2517 274 2576 ita
294 2518 413 2577 excedit
432 2529 568 2577 naturam
587 2527 719 2578 creatam
733 2520 781 2578 vel
795 2519 966 2590 creabilem,
988 2521 1116 2578 utnulla

123 2606 158 2664 sit
180 2625 216 2665 ex
237 2606 292 2666 illis
313 2609 416 2677 rebus,
443 2607 550 2683 quibus
571 2607 672 2684 aliqua
692 2625 738 2667 res
759 2608 889 2684 indiget,
910 2618 942 2667 ut
963 2611 1114 2684 complete

123 2695 316 2755 constituatur
337 2697 368 2754 in
389 2715 442 2756 suo
464 2714 528 2756 esse
541 2699 590 2756 vel
608 2707 641 2755 ut
654 2699 775 2774 assequi
785 2698 879 2774 possit
898 2698 998 2770 finem,
1023 2716 1113 2773 quem

123 2785 186 2844 eius
206 2796 310 2844 natura
331 2787 475 2861 postulat3
502 2804 602 2861 neque
623 2788 682 2844 ulla
703 2786 739 2846 sit
760 2787 799 2846 ad
825 2786 921 2862 ipsum
948 2786 981 2844 in
1009 2797 1114 2846 natura

124 2876 259 2950 potentia
279 2875 446 2950 receptiva,
474 2875 530 2933 nisi
551 2875 780 2935 oboedientialis
794 2877 810 2934 ¹.
854 2875 902 2935 Sic
930 2874 1057 2952 adoptio
1076 2876 1114 2933 'in

123 2963 215 3021 filium
235 2964 309 3034 Dei,
338 2963 381 3023 sic
409 2965 498 3022 etiam
525 2982 701 3036 concursus,
731 2983 820 3040 quem
849 2967 931 3024 Deus
959 2975 1115 3024 creatruae

123 3053 262 3124 praebet,
292 3063 324 3109 ut
350 3053 382 3108 in
408 3052 500 3110 filium
521 3053 580 3111 Dei
608 3053 745 3128 adoptari
771 3053 876 3130 possit,
905 3063 973 3112 sunt
1000 3054 1115 3129 aliquid

124 3138 354 3208 supernaturale.

186 3309 194 3339 ¹
214 3313 252 3358 Cf.
272 3330 348 3377 supra
365 3334 390 3379 p.
411 3331 470 3368 222.
