2350 3700
116 156 168 205 334
395 156 434 192 na
452 154 641 199 Qunuamnrn
660 154 821 192 conponas.

116 320 241 378 quarum
262 321 321 361 una
343 320 405 361 non
433 311 478 361 est
504 303 574 374 alia,
606 321 683 379 quae
712 303 814 362 omnia
841 302 1003 379 conceptui
1028 302 1096 359 entis

115 390 222 451 infiniti
243 402 412 467 repugnant
426 392 442 450 ¹.

176 500 203 555 3.
224 481 332 556 Neque
354 480 570 539 admittendum
591 491 636 539 est
656 481 782 557 spatium
802 500 867 541 esse
883 500 936 541 ens
951 481 1099 557 quoddam
1152 462 1153 469 ἵ

115 572 209 642 reale,
232 570 330 646 quod,
352 577 386 628 ut
404 588 544 628 commune
563 579 711 647 corporum
731 572 950 647 receptanelum,
982 590 1001 629 a
1021 580 1100 647 parte

115 659 158 718 rei
173 659 292 718 exsistat
305 669 336 718 ut
351 678 397 718 res
411 660 450 717 ab
465 658 638 719 extensione
653 678 813 736 corporum
828 662 946 720 realiter
956 660 1101 719 distincta.

115 748 249 825 Spatium
271 748 349 807 enim
371 748 557 824 concipimus
576 760 610 807 ut
630 766 695 820 euS,
725 750 807 825 quod
835 750 871 809 sit
899 750 1035 809 omnium
1060 766 1103 807 ex-

38 864 44 873 x
114 849 268 897 tensorum
288 838 372 913 quasi
393 841 601 914 receptaculum.
643 841 707 896 Iam
727 857 799 897 vero
821 839 845 898 si
872 838 945 898 illud
972 848 1104 913 recepta·
1159 910 1160 914 Ἰ

115 929 228 999 culum,
251 934 343 1003 prout
362 934 403 984 est
421 929 621 1003 receptemlum
642 934 801 997 extensum,
823 928 1019 1004 supponimus
1042 944 1105 986 esse
1159 971 1160 1006 ,

115 1034 168 1075 ens
189 1016 285 1087 reale,
314 1018 352 1075 ab
374 1016 437 1074 aliis
459 1018 635 1091 corporibus
662 1016 847 1089 distinctum,
876 1018 972 1093 ipsum
999 1034 1105 1075 revera

114 1123 177 1163 nou
205 1106 261 1164 erit
282 1106 408 1183 spatium
436 1105 523 1177 illud,
556 1106 638 1181 quod
666 1106 868 1181 concipimus,
899 1106 970 1182 quia
994 1106 1104 1182 ipsum,
1159 1134 1160 1185 3

115 1205 217 1271 utpote
239 1204 393 1254 extensum
414 1194 547 1266 realiter,
577 1195 635 1253 alia
656 1214 688 1254 re
708 1194 870 1271 indigebit,
899 1196 1010 1271 inqua
1032 1195 1105 1253 reci-

115 1283 220 1358 piatur.
250 1284 345 1357 Quae,
367 1284 392 1342 si
413 1302 516 1343 revera
538 1284 664 1355 adesset,
687 1283 745 1343 alio
766 1284 870 1344 itidem
891 1285 1040 1361 indigeret
1061 1302 1104 1341 re·

115 1375 283 1448 ceptacu10,
306 1382 336 1432 et
356 1372 397 1431 ita
417 1373 562 1449 deinceps
582 1374 614 1431 in
635 1373 780 1433 infinitum
794 1375 812 1433 ².

174 1482 203 1535 4.
225 1463 359 1538 Spatium
380 1463 517 1537 proinde,
540 1473 687 1539 quatenus
708 1475 752 1523 est
772 1464 884 1540 aliquid
906 1484 924 1522 a
944 1474 1029 1540 parte
1051 1462 1102 1534 rei,

114 1550 227 1626 aliquid
255 1554 351 1623 reale,
380 1560 421 1610 est
445 1554 509 1628 ipse
535 1554 674 1623 extensio,
703 1572 793 1628 quam
822 1552 971 1613 obiective
991 1554 1103 1611 realem

112 1658 179 1699 esse
201 1659 290 1717 supra
311 1637 352 1718 (p.
374 1636 444 1718 325)
466 1642 658 1701 ostendimus.

176 1746 202 1805 5.
230 1730 407 1788 Formaliter
433 1741 531 1790 autern
559 1741 717 1806 acceptum
745 1730 870 1807 spatium
898 1749 962 1790 non
988 1740 1033 1790 est
1059 1748 1104 1789 ex·

114 1819 210 1878 tensio
232 1830 381 1897 concepta
401 1830 432 1879 ut
452 1820 534 1893 talis,
562 1822 610 1880 vel
632 1820 803 1880 continuata
824 1838 984 1898 corporum
1006 1830 1103 1881 exten·

115 1927 214 1967 sorum
236 1910 334 1980 series,
357 1911 431 1969 sicut
452 1910 602 1969 Cartesius
622 1929 687 1970 rem
708 1911 873 1988 explicavit.
902 1911 1005 1969 Alium
1024 1911 1102 1969 enim

115 1999 202 2056 nobis
230 2009 410 2075 conceptum
438 2001 645 2070 efformamuS,
676 2019 744 2059 cum
772 2001 810 2059 de
838 2001 913 2060 serie
943 2018 1103 2076 corporum

116 2097 304 2146 extensorum
324 2091 371 2146 vel
393 2089 431 2148 de
453 2090 517 2148 sola
534 2089 708 2148 extensione
723 2088 894 2166 cogitamus
916 2090 1009 2148 alium
1022 2108 1102 2161 vero,

115 2195 183 2234 cum
205 2176 332 2252 spatium
359 2178 447 2237 nobis
474 2189 746 2254 repraesentamus:
775 2179 799 2238 si
827 2177 950 2254 quidem
977 2178 1102 2254 spatium
1160 2245 1161 2262 χ

116 2265 300 2341 concipimus
320 2277 353 2325 ut
374 2287 427 2326 ens
448 2269 602 2343 quoddam
623 2271 779 2339 continens,
808 2267 915 2327 seriem
942 2286 1017 2327 vero
1043 2287 1102 2327 cor·
1160 2293 1161 2296 ¹

116 2373 223 2429 porum
243 2365 441 2429 extensorum,
464 2357 547 2415 utin
568 2357 665 2433 spatio
686 2365 850 2416 contentam.

179 2535 246 2587 1cr.
267 2538 355 2602 tepea
371 2538 387 2588 1.
407 2555 430 2589 e.
449 2556 474 2603 p.
498 2540 555 2589 108.

177 2613 188 2646 ²
209 2618 300 2667 «Ware
319 2619 365 2667 der
383 2620 465 2668 Raum
483 2629 560 2669 etwas
584 2635 636 2670 von
661 2621 707 2670 der
725 2620 886 2685 Kttrperwelt
904 2620 1104 2686 Unabhdngiges
1160 2645 1161 2664 ÷

116 2698 169 2745 und
187 2714 233 2746 vor
252 2699 292 2747 ihr
310 2697 504 2760 Existiereudes,
523 2700 566 2749 ein
586 2701 628 2749 die
647 2702 749 2765 Kdrper
767 2701 940 2750 umfasseudes
959 2701 1059 2762 Etwas,
1078 2719 1104 2750 so

116 2783 183 2827 wire
202 2778 284 2828 dieses
301 2782 431 2829 entweder
443 2790 520 2830 etwas
532 2781 708 2831 Erschaffenes
721 2781 783 2831 oder
796 2789 872 2831 etwas
885 2782 1102 2832 Unerschaffenes.

116 2858 298 2908 Unerschaffen
318 2859 350 2909 ist
367 2876 395 2909 es
413 2861 492 2920 nicht,
513 2863 546 2910 da
564 2879 592 2911 es
611 2862 694 2911 ausser
713 2863 776 2912 Gott
795 2862 878 2912 nichts
893 2862 1103 2912 Unerschaffenes

116 2938 202 3003 giebt,
229 2941 275 2988 der
292 2941 374 2988 Raum
392 2941 455 2992 aber
474 2942 544 2992 nicht
563 2943 626 2992 Gott
651 2943 730 2991 selbst
755 2942 794 2992 ist.
829 2944 906 3007 Jenes
925 2941 1012 2992 Etwas
1038 2943 1102 2992 kann
1159 3003 1161 3018 Ι

116 3019 181 3068 auch
206 3020 278 3069 nicht
304 3021 345 3069 ein
364 3021 539 3070 Erschaffenes
565 3024 628 3072 sein.
665 3025 741 3072 Denn
768 3025 800 3072 da
825 3040 852 3072 es
877 3025 1039 3088 ausgedehnt
1066 3025 1100 3083 ist,

116 3098 177 3146 alles
195 3100 379 3162 Ausgedehnte
398 3101 459 3150 aber
478 3102 512 3149 im
530 3104 612 3151 Raurn
631 3104 751 3165 existiert,
771 3120 800 3152 so
819 3103 910 3152 mflsste
928 3120 976 3153 vor
994 3105 1046 3152 ihm
1064 3104 1099 3152 eiu

115 3175 223 3223 auderer
234 3177 315 3223 Raum
334 3177 444 3227 existiert
463 3181 555 3241 haben,
575 3183 621 3230 der
640 3199 666 3232 es
685 3185 879 3249 aufgenommen
898 3184 977 3245 httte,
996 3186 1050 3234 und
1061 3200 1100 3234 vor

116 3251 219 3309 diesem,
239 3269 283 3300 aus
297 3255 445 3305 demselben
458 3258 570 3320 Grunde,
591 3263 686 3311 wieder
698 3265 740 3312 eiu
753 3265 861 3313 anderer
874 3266 971 3314 Reum»
988 3263 1100 3327 (Lehmen
1150 3301 1158 3318 t

115 3325 131 3370 l.
152 3341 173 3371 c.
193 3343 218 3387 p.
237 3341 273 3385 40
291 3329 347 3391 sq).
367 3359 400 3366 —
421 3336 460 3382 Cf.
480 3339 555 3386 etiam
574 3343 650 3389 Pescla
669 3343 685 3391 l.
706 3359 727 3392 c.
747 3360 773 3407 p.
797 3354 854 3407 135.
