2350 3700
441 117 478 153 DE
497 117 689 155 POSITIVISMO.

353 279 371 347 ξ
392 296 415 333 2.
448 284 622 333 Positivismi
639 284 779 334 refutatio.

114 424 144 461 1.
173 406 413 466 Positivistarum
434 406 629 483 principium:
659 407 744 465 «Sola
771 410 912 467 sensibilia
933 410 1060 468 hunmaa

36 494 174 551 rotrone
199 502 267 553 sant
285 498 506 569 cognoscibilia»,
522 494 678 554 axiomatis
692 496 752 554 vim
772 514 835 555 non
855 498 955 556 habet.
989 500 1060 557 Sen-

37 580 156 639 sibilia
192 585 273 642 enim
295 585 366 643 talia
394 604 466 657 esse,
488 595 520 643 ut
547 595 641 643 totam
668 584 835 645 intellectus
855 586 978 645 humani
998 587 1059 647 vim

40 671 254 745 exhauriant,
289 674 332 731 ita
363 685 395 732 ut
420 675 574 734 evidenter
602 684 747 751 appareat
778 674 985 735 immaterialia
1011 696 1060 735 co·

43 761 171 834 gnosci
195 780 258 821 non
280 780 379 838 posse,
402 770 447 822 ex'
459 763 529 822 idea
549 764 626 822 entis
647 763 786 839 corporei
806 775 964 841 perspecta
978 767 1060 824 nullo

43 850 154 909 modo
174 852 282 911 elucet.
312 852 395 910 Hinc
415 854 493 928 quod
506 855 602 926 gratis
622 852 803 927 affirmatur,
820 857 916 928 gratis
929 862 1059 929 nogotia.

120 970 152 1009 2.
179 951 301 1009 Falsum
317 950 440 1008 omnino
462 950 566 1023 estid,
591 951 673 1025 quod
687 950 783 1010 Taine
803 952 939 1024 affirmat,
961 952 1060 1012 ideam

48 1038 267 1099 universalem
281 1058 345 1098 non
364 1058 428 1099 esse
450 1039 505 1099 nisi
526 1058 639 1099 nomen
653 1048 684 1098 et
698 1041 782 1116 quasi
800 1040 917 1116 signum
931 1042 1058 1118 plurium

10 1168 16 1177 -
52 1128 233 1205 imaginum
265 1128 464 1204 sensibilium,
499 1129 570 1189 item
605 1129 711 1188 falsum
746 1140 790 1188 est
824 1130 926 1188 omnia
958 1138 1062 1190 nostra

52 1217 178 1277 iudicia
200 1236 267 1277 esse
287 1218 539 1294 experimentalia.
581 1220 621 1277 Et
641 1236 674 1277 re
695 1218 817 1293 quidem
837 1235 925 1278 vera:

123 1303 157 1383 a)
187 1308 278 1367 Clare
306 1308 510 1383 distinguimus
536 1308 568 1366 in
589 1306 810 1383 cognitionibus
836 1308 944 1367 nostris
969 1309 1061 1366 ideam

52 1400 185 1474 proprie
213 1398 316 1455 dictam
342 1398 380 1455 ab
408 1396 538 1472 imagine
565 1398 614 1455 vel
628 1397 831 1473 phantasmate
850 1397 883 1455 in
905 1397 1062 1473 phantasia

57 1486 230 1563 producta.
266 1484 335 1543 Alia
356 1485 436 1545 enim
458 1496 502 1544 est
522 1484 592 1544 idea
611 1486 740 1545 hominis
760 1487 799 1544 ab
821 1486 972 1545 intellectu
993 1505 1063 1545 con·

58 1586 169 1652 cepta,
193 1575 250 1633 alia
271 1575 371 1651 imago
385 1574 514 1633 hominis
528 1574 684 1649 phantasia
697 1586 929 1651 repraesentata.
957 1578 1062 1651 Imago

59 1665 151 1724 enim
173 1664 253 1723 Petri
280 1682 306 1723 e.
327 1683 355 1739 g.
378 1663 410 1721 in
436 1663 593 1741 phantasia
620 1664 762 1723 exsistens
789 1675 994 1741 repraesentat
1014 1684 1063 1724 ex-

59 1754 184 1814 teriora
211 1753 295 1811 imias
321 1751 450 1813 hominis
478 1752 661 1829 corporalia,
690 1753 790 1827 qualia
809 1753 859 1812 hic
880 1764 910 1812 et
930 1773 1011 1813 nunc
1032 1752 1063 1811 in

63 1844 139 1922 ipso
161 1843 305 1904 exsistunt
329 1844 523 1903 materialiter.
570 1843 619 1902 Sic
646 1842 725 1902 Petri
746 1843 794 1902 vel
822 1843 907 1902 huius
933 1842 1064 1902 hominis

64 1936 281 2011 phantasmate
309 1943 547 2009 repraesentatur
567 1932 633 1992 talis
652 1935 761 2008 figura,
784 1933 848 1992 talis
869 1935 968 2003 color,
993 1943 1060 2002 etc,

66 2026 142 2084 idea
171 2041 244 2082 vero
271 2022 399 2082 hominis
426 2022 630 2080 manifestatur
659 2023 725 2098 ipsa
752 2023 895 2097 quidditas
924 2022 1063 2090 hominis,

69 2114 149 2190 quid
179 2113 216 2172 sit
238 2113 346 2184 hom0,
375 2111 448 2170 illud
468 2110 597 2183 scilicet,
626 2111 708 2186 quod
737 2111 875 2172 omnibus
895 2111 1064 2170 hominibus

69 2221 237 2263 commune
258 2211 303 2261 est
314 2203 331 2259 1.

134 2287 168 2368 b)
197 2291 283 2365 Quae
311 2290 401 2349 docet
420 2289 516 2348 Taine
544 2288 582 2349 de
610 2289 732 2349 nomine
754 2299 785 2348 ut
813 2289 898 2364 signo
918 2289 1065 2363 imagines

70 2401 176 2442 rerum
191 2390 345 2450 evocante,
367 2398 437 2438 vera
451 2389 526 2450 sunt,
549 2378 573 2436 si
586 2379 626 2437 ad
640 2378 867 2437 associationem
881 2377 1065 2437 materialem

70 2474 123 2531 vel
144 2470 299 2548 physicam
314 2469 475 2546 imaginum
489 2468 670 2527 sensibilium
684 2468 858 2544 phantasiae
876 2466 1064 2526 attendimus

72 2563 197 2620 Revera
227 2560 306 2618 enim
328 2559 393 2618 talis
413 2577 484 2630 vox,
513 2567 638 2634 propter
658 2575 767 2616 nexum
788 2556 944 2634 physicum
964 2575 1066 2632 saepe·

72 2669 204 2710 numero
212 2649 366 2707 arbitrario
374 2647 544 2720 institutum,
555 2648 645 2706 talem
653 2665 779 2706 evocare
787 2656 886 2722 potest
892 2646 1063 2722 imaginem,

75 2759 156 2816 quae
171 2739 281 2799 deinde
296 2749 419 2815 propter
428 2738 591 2812 analogiam
601 2738 707 2796 multas
716 2736 788 2795 alias
802 2736 911 2795 similes
921 2735 1065 2810 imagines

75 2831 211 2890 similiter
232 2838 347 2888 evocet.
388 2828 487 2902 Quam
508 2827 631 2903 quidem
652 2825 880 2886 associationem
906 2824 987 2897 fieri,
1018 2843 1066 2883 ex·

75 2920 209 2996 petimur
229 2936 292 2977 non
320 2919 414 2976 solum
441 2917 473 2975 in
492 2916 615 2976 homine
635 2917 690 2976 sed
717 2915 804 2975 etiam
834 2914 865 2972 in
890 2913 1066 2973 animalibus

75 3008 178 3068 brutis,
222 3007 298 3079 Sed,
328 3017 447 3083 praeter
473 3006 554 3064 illam
583 3005 790 3082 imperfectam
820 3014 850 3064 et
882 3003 1066 3063 materialem

7 3107 10 3126 ²
77 3097 253 3175 phantasiae
274 3106 304 3155 et
324 3095 523 3156 aestimativae
545 3095 760 3171 operationem,
781 3094 874 3152 homo
895 3091 956 3151 vim
975 3092 1066 3151 habet

141 3315 150 3346 ¹
169 3316 236 3365 Vide
255 3331 331 3380 supra
348 3331 374 3378 p.
397 3323 436 3374 17.
