2350 3700
332 143 372 177 DE
391 143 535 178 METRODO
555 141 740 177 DISPUTANDI.

450 317 560 374 Carus
581 333 623 374 111,

244 441 303 498 DE
325 439 538 498 METHODO
561 439 825 498 DISPUTANDI.

399 582 677 631 PRAENOTANDA.

90 707 269 783 Disputatio
291 707 468 766 scholastica
489 718 534 766 est
558 708 725 782 ‹quaedam
750 706 789 766 de
817 706 917 781 aliqua
944 724 1032 780 quae·

34 796 123 854 stione
160 797 206 854 ad
242 796 447 855 illustrandam
481 797 637 855 veritatem
676 796 806 854 instituta
847 794 1032 854 concertatio

33 883 105 942 inter
132 886 233 957 duos,
264 904 392 960 quorum
420 886 495 944 alter
522 885 677 943 veritatem
706 895 838 960 exponat
866 894 954 959 atque
982 883 1032 942 de·

33 974 144 1046 fendat‚
169 976 252 1032 alter
274 993 341 1033 eam
362 975 530 1050 impugnet,
553 985 669 1032 servata
690 973 848 1049 diligenter
869 973 1032 1048 syllogismi

33 1063 142 1121 forma»
160 1065 179 1122 ¹.

85 1153 264 1213 Conclusio
285 1153 317 1210 in
337 1152 538 1228 disputatione
559 1152 718 1227 probanda
732 1151 839 1210 dicitur
854 1152 945 1210 thesis.
971 1151 1031 1224 Qui

33 1241 132 1300 thesim
156 1253 273 1315 tuetur,
295 1242 465 1300 nominatur
485 1242 656 1315 defendens‚·
679 1240 728 1316 qui
751 1241 846 1316 ipsam
868 1240 1030 1316 impugnat,

33 1350 154 1403 arguens
177 1332 233 1390 vel
254 1333 371 1390 obiciens
391 1330 506 1389 dicitur.

83 1421 188 1491 Cum,
222 1431 291 1496 post
318 1420 417 1478 datam
446 1439 464 1476 a
492 1419 675 1478 defendente
704 1417 881 1478 solutionem
910 1418 1032 1477 alicuius

25 1509 228 1581 difficultatis,
250 1520 456 1584 argumentum
478 1510 516 1566 ab
531 1520 674 1584 arguente
691 1519 810 1584 urgetur
825 1527 871 1580 eo,
894 1508 978 1583 quod
993 1509 1032 1567 ad

29 1617 137 1657 novam
153 1599 229 1675 ipse
243 1608 388 1674 provocat
400 1597 639 1674 propositionem
654 1597 834 1656 contrariam
849 1599 896 1655 vel
916 1608 1031 1656 contra·

28 1688 214 1756 dictoriam,
242 1698 324 1746 aetus
348 1689 398 1746 ille
425 1698 550 1746 vocatur
577 1689 731 1756 instantia,
760 1686 927 1762 propositio
948 1704 1029 1758 vem,

29 1796 103 1853 quae
140 1778 194 1837 sic
231 1787 335 1834 contra
369 1776 584 1835 defendentem
620 1776 802 1845 enuntiatur,
842 1777 936 1834 minor
970 1777 1029 1833 sub·

28 1875 140 1943 sumpta
164 1865 281 1924 dicitur
299 1869 348 1925 vel
368 1865 541 1942 simpliciter
561 1867 758 1942 subsumptam.

85 1954 274 2031 Praecepta
286 1955 462 2015 defendenti
480 1966 509 2013 et
523 1954 659 2031 arguenti
674 1953 845 2013 communia
858 1955 934 2013 haec
948 1964 1028 2013 sunt:

89 2067 115 2103 1.
137 2046 301 2119 «Uterque
315 2054 424 2103 statum
438 2044 621 2120 quaestionis
634 2045 712 2103 bene
728 2042 845 2102 noverit
858 2062 894 2101 ac
904 2054 1027 2103 servet.»

88 2155 115 2193 2.
145 2136 263 2193 «Suam
290 2142 415 2208 uterque
443 2133 622 2191 sententiam
648 2131 779 2191 breviter
807 2143 836 2191 et
864 2134 943 2191 clare
964 2152 1030 2208 pro-

27 2235 156 2299 ponat.»

87 2333 118 2388 3.
147 2312 258 2369 «Alter
278 2310 397 2369 alterius
419 2312 512 2370 verba
533 2310 656 2369 omnino
677 2310 812 2383 fideliter,
834 2312 916 2369 nullo
937 2312 1030 2369 modo

27 2401 204 2471 immutata,
225 2410 368 2475 repetat.»

87 2512 120 2564 4.
149 2488 299 2548 «Debitus
320 2500 473 2565 respectus
493 2488 628 2563 titulique
648 2488 742 2547 debiti
762 2499 942 2548 serventur.»
958 2490 968 2523 ²

178 2656 452 2707 DISPUTATIONIS
471 2656 741 2706 SCHOLASTICAE
760 2658 892 2708 FORMA.

90 2779 117 2834 1.
142 2774 317 2848 Defendens
337 2773 434 2849 primo
456 2786 536 2833 stans
556 2774 663 2834 thesim
684 2777 873 2850 probandam
897 2777 1031 2835 enuntiat

26 2865 75 2924 his
96 2864 222 2924 verbis:
247 2864 367 2921 «Thetis
387 2863 565 2937 defendenda
585 2870 646 2922 est.
663 2910 669 2921 .
686 2884 710 2921 .>›
743 2865 774 2923 Si
794 2866 953 2941 disputatio
975 2870 1030 2925 sol·

28 2956 145 3013 lemnis
169 2962 231 3023 est,
261 2952 304 3011 sic
324 2952 441 3010 initium
461 2954 572 3011 ducere
594 2964 707 3029 potest:
739 2954 791 3012 «Si
810 2958 897 3031 pre'ns
919 2958 1032 3014 iusserit

30 3042 300 3102 Reuerendissrmns
328 3040 467 3117 Superior
496 3036 555 3117 (vel
584 3042 797 3101 illustrissimus
831 3062 864 3102 ac
891 3044 1029 3103 Reueren-

30 3130 235 3191 dissimusD.
257 3130 430 3205 Episcopus,
459 3130 483 3188 si
511 3130 670 3206 episcopus
698 3128 834 3207 praesit),
863 3134 1031 3210 benigneque

102 3323 112 3354 ¹
132 3324 219 3383 Pesclr,
238 3326 301 3373 Inst.
320 3324 373 3387 log.
392 3325 412 3383 1,
433 3336 493 3386 223.
567 3320 679 3381 ²lirick,
699 3323 796 3387 Logica
814 3340 839 3386 p.
860 3325 894 3382 96
913 3340 950 3386 sq.
