2350 3700
138 111 190 159 280
513 123 552 158 nr
571 122 749 159 cxrrooxrrs.

133 270 230 327 inesse
251 288 305 328 suo
326 270 468 340 subiecto,
491 279 592 329 tamen
613 269 652 327 de
673 270 752 327 sacto
774 271 915 329 exsistere
935 270 1057 345 possint
1072 270 1136 327 sine

133 358 275 430 subiecto,
298 360 339 417 ita
358 369 390 417 ut
411 360 469 417 sint
488 360 668 435 separabilia.

193 450 256 506 Iam
276 466 364 519 vero,
396 448 455 506 hoc
475 448 539 506 fieri
559 465 665 523 posse,
694 450 758 506 solo
779 448 902 506 rationis
924 447 1041 505 lumine
1063 449 1131 505 satis

133 555 196 595 non
223 547 364 613 apparet:
393 538 575 613 experientia
604 538 684 594 enim
711 538 884 595 universalis
911 555 976 595 non
1005 537 1066 595 nisi
1095 536 1131 593 de

134 627 318 685 inhaerentia
338 627 445 684 actuali
466 637 602 697 testatur,
632 627 672 684 ita
692 637 724 683 ut
744 644 827 685 mens
851 626 946 701 magis
967 626 1133 683 inclinetur

134 716 173 774 ad
193 716 444 791 separabilitatem
472 716 553 774 illam
574 716 754 791 negandam
797 715 872 773 Fide
899 724 1003 773 autern
1025 716 1159 775 melius

135 805 252 876 edocti
280 814 312 863 ut
332 805 496 881 philosophi
514 806 676 873 altrz‘stiaai,
704 803 783 862 hanc
805 804 1061 880 separabilitatem
1085 804 1133 861 ad·
1157 810 1159 897 l

134 895 250 951 mittere
270 912 433 969 possumus.
470 896 523 952 Est
542 894 624 951 enim
646 894 811 951 communis
831 893 1043 968 theologorum
1068 911 1159 951 sen

135 983 227 1040 tentia
255 984 286 1041 in
317 984 367 1041 SS
395 983 595 1053 Eucharistia,
627 983 741 1042 sublata
769 992 836 1057 post
866 983 1130 1041 consecrationem

136 1073 297 1130 substantia
317 1072 412 1148 panis,
434 1071 597 1146 perdurare
619 1072 681 1130 eius
702 1072 912 1146 quantitatem,
942 1072 991 1129 cui
1013 1072 1159 1145 reliqua

137 1160 305 1219 accidentia
325 1160 527 1219 inhaereant¹.

196 1250 262 1307 Hac
270 1256 362 1305 autam
372 1252 482 1307 ratzam
489 1259 649 1326 repugnare
662 1266 797 1306 nemmem
805 1265 881 1307 certo
890 1251 1125 1326 ostendarcpasse,
1158 1266 1159 1285 ³

136 1337 167 1394 in
189 1338 372 1413 cosmologia
392 1339 599 1413 probabimus,
626 1338 677 1395 ubi
697 1336 736 1397 de
757 1338 920 1412 quantitate
942 1357 1041 1398 sermo
1062 1339 1126 1397 erit.

196 1427 284 1500 Quae
298 1446 366 1485 cum
380 1428 420 1485 ita
434 1428 501 1499 sint,
522 1428 575 1486 sub
591 1436 727 1502 respectu
742 1427 832 1502 ipsius
845 1427 1058 1499 inhaerentiae,
1080 1448 1127 1486 ac·
1158 1404 1159 1471 l

137 1514 268 1573 cidentia
281 1514 373 1574 dividi
387 1527 510 1592 possunt
523 1515 555 1573 in
568 1515 747 1591 separabilia
761 1527 791 1575 et
805 1516 1025 1591 inseparabilia,
1040 1527 1129 1593 prout

137 1603 200 1661 sine
228 1605 361 1663 subiecto
382 1606 414 1662 in
434 1604 604 1663 exsistentia
630 1622 808 1680 permanere
836 1616 960 1681 possunt
986 1608 1034 1664 vel
1054 1624 1128 1663 non.

550 1774 660 1832 CAPUT
681 1790 711 1830 11.

173 1899 227 1954 DE
249 1897 492 1956 PRAECIPUIS
514 1897 763 1969 QUIBUSDAM
785 1896 1097 1956 ACCIDENTIBUS

499 2037 504 2042 -
516 1996 745 2053 SPECIATIM.

203 2131 416 2180 praenotamen.
458 2124 539 2179 Inter
566 2138 676 2178 novem
704 2120 742 2177 ab
770 2118 929 2177 Aristotele
958 2129 1135 2177 enumerata

139 2209 306 2268 accidentia
334 2210 483 2285 quaedam
504 2221 584 2280 sunt,
615 2226 692 2284 quae
716 2207 836 2284 proprie
865 2207 1021 2282 loquendo
1044 2209 1131 2266 rebus
1157 2257 1158 2284 3

140 2299 292 2372 corporeis
306 2308 418 2357 tantum
438 2300 627 2357 conveniunt.
664 2297 749 2354 Talia
762 2306 844 2354 sunt:
867 2297 1027 2370 quantitas,
1050 2298 1131 2355 locus
1156 2289 1158 2380 l

140 2381 227 2461 (ubi),
257 2398 371 2463 tempus
393 2383 552 2463 (quando),
575 2389 660 2456 situs,
683 2386 806 2444 habitus.
850 2386 918 2442 Alia
946 2403 1020 2444 vero
1045 2386 1131 2444 rebus
1157 2381 1158 2438 l

140 2486 201 2533 tum
222 2477 375 2551 corporeis
396 2489 456 2534 tum
476 2476 673 2552 spiritualibus
694 2493 790 2549 aeque
811 2485 877 2533 sunt
898 2473 1081 2544 communia,
1105 2486 1132 2532 et

140 2565 216 2623 haec
236 2577 317 2623 sunt:
341 2566 474 2640 qualitas,
495 2565 607 2636 relati0,
631 2565 718 2635 actio,
741 2563 848 2639 passio.

205 2739 213 2768 ¹
231 2740 276 2799 «si
295 2742 350 2805 quis
368 2742 472 2803 dixerit,
499 2741 525 2790 in
544 2749 706 2790 sacrosancto
725 2739 897 2790 Eucharistiae
916 2749 1077 2790 sacramento
1097 2757 1132 2789 re-

142 2837 242 2869 manere
260 2822 427 2871 substantiam
445 2823 518 2886 panis
537 2829 563 2870 et
586 2823 638 2870 vini
664 2837 713 2870 una
739 2836 796 2870 cum
821 2835 928 2885 corpore
951 2828 977 2868 et
1005 2821 1131 2886 sanguine

142 2901 245 2949 Domini
265 2902 343 2951 nostri
363 2903 419 2950 lesu
439 2902 541 2963 Christi,
559 2903 740 2966 negaveritque
759 2901 900 2949 mirabilem
919 2899 988 2948 illam
1007 2909 1034 2950 et
1048 2901 1130 2964 singu·
1156 2913 1157 2920 ¹

142 2982 218 3030 larem
244 2983 434 3031 conversionem
459 2983 535 3031 totius
560 2983 715 3031 substantiae
740 2981 813 3045 panis
838 2982 863 3028 in
889 2995 980 3045 corpus
1006 2989 1033 3029 et
1055 2982 1130 3030 totius
1156 2979 1157 3030 i

142 3060 296 3109 substantiae
314 3063 366 3110 vini
386 3062 411 3108 in
431 3062 587 3126 sanguinem,
607 3063 762 3111 manentibus
780 3063 912 3111 dumtaxat
928 3062 1049 3125 speciebus
1054 3064 1131 3126 panis

141 3145 165 3184 et
181 3140 248 3194 vini,
274 3154 348 3200 quam
372 3139 474 3202 quidem
499 3141 691 3191 conversionem
717 3141 843 3190 catholica
862 3141 978 3190 Ecclesia
1003 3143 1129 3205 aptissime

143 3215 449 3264 transsubstantiationem
464 3219 589 3281 appellat:
610 3221 743 3268 anathema
756 3220 802 3269 sit»
820 3218 913 3283 (Cone.
927 3221 999 3268 Trid.
1013 3237 1073 3271 sess.
1093 3235 1128 3282 13,

143 3304 198 3334 can.
219 3288 256 3350 2).
