2350 3700
139 161 191 221 316
514 172 553 207 nn
572 171 750 209 caereorum.

137 328 388 405 pulchritudinem
415 328 574 399 definiunt,
603 338 635 385 ut
664 326 701 385 sit
727 328 861 403 splendor
881 329 1017 385 veritatis.
1065 325 1128 381 «Ad

137 418 416 495 pulchritudinem»,
439 417 480 475 ait
501 418 529 475 S.
552 419 684 489 Doctor,
710 416 783 473 «tria
802 417 1007 491 requiruntin:
1031 414 1130 473 Primo

138 507 261 582 quidem
282 506 434 582 integritas
448 506 509 564 sive
524 505 685 581 perfectio:
705 522 782 581 quae
797 505 878 564 enim
894 505 1042 563 diminuta
1057 513 1130 567 sunt,

138 598 197 655 hoc
210 597 276 672 ipso
290 595 387 671 turpia
400 605 484 670 sunt3
505 605 535 653 et
555 595 656 654 debita
670 595 826 671 proportio
841 594 904 653 sive
919 594 1134 660 consonantia3

138 696 169 745 et
187 685 294 744 itemm
315 684 441 743 claritas.
483 685 575 744 Unde
597 702 674 759 quae
701 686 814 743 habent
836 684 974 743 colorem
993 682 1133 752 nitidum,

138 774 263 850 pulchra
284 792 349 833 esse
370 773 536 832 dicuntur.»
553 776 561 806 ¹

318 956 341 991 2.
368 944 442 991 Ratio
453 944 575 1007 formolz's
587 942 784 1005 pulchritudinis
803 942 946 991 ostenditur.

199 1059 357 1117 Elementa
385 1056 611 1132 pulchritudinis
641 1056 804 1115 materialia
833 1057 986 1130 hucusque
1016 1056 1136 1129 analysi

139 1147 370 1218 declaravimus,
391 1146 580 1206 ostendendo
609 1145 722 1205 scilicet
741 1145 836 1221 qualis
858 1146 967 1206 debeat
988 1162 1054 1203 esse
1077 1161 1135 1214 res,
1160 1140 1161 1231 l

139 1237 172 1295 in
193 1255 253 1312 qua
272 1236 403 1295 velutin
424 1237 559 1294 subiecto
586 1235 775 1311 pulchritudo
796 1236 931 1309 refulget.
974 1236 1038 1292 Iam
1059 1252 1137 1291 vero
1160 1232 1161 1277 l

140 1327 178 1384 de
193 1325 258 1402 ipsa
271 1325 386 1384 ratione
395 1324 608 1400 inquirendum
622 1336 673 1396 est,
698 1342 757 1399 qua
766 1324 957 1399 pulchritudo
967 1323 1137 1382 formaliter

141 1415 340 1473 constituatur.

203 1524 228 1561 1.
250 1503 445 1562 Constituitur
465 1513 564 1562 autem
577 1504 653 1562 haec
667 1503 742 1561 ratio
756 1502 900 1562 relatione
916 1501 1048 1577 quadam
1063 1521 1136 1561 cnm

141 1593 275 1653 subiecto
309 1592 443 1669 potentia
481 1592 685 1667 cognoscitiva
719 1603 750 1651 et
787 1591 950 1667 appetitiva
984 1592 1134 1666 praedito
1160 1580 1161 1665 i

142 1682 256 1742 Scimus
271 1682 360 1753 enim,
383 1683 465 1757 quod
479 1682 636 1757 pulchrum
650 1681 766 1754 dicitur,
782 1682 812 1739 id
827 1682 940 1740 debere
955 1699 1020 1740 esse
1033 1700 1136 1739 vernn

141 1773 199 1844 ite,
228 1778 262 1829 nt
279 1772 434 1829 delectabili
451 1773 499 1829 nel
515 1772 637 1829 incendo
652 1774 828 1847 perceptione
849 1770 951 1829 animo
977 1780 1133 1846 appareat.

144 1864 289 1921 ‹Pulchra
299 1862 380 1920 enim
389 1862 555 1934 dicuntur»,
567 1861 607 1920 ait
618 1863 646 1920 S.
658 1864 782 1933 Doct0r‚
802 1881 890 1937 «qnae
899 1863 963 1919 niso
965 1863 1111 1938 placent.»
1125 1861 1135 1892 ²

204 1973 230 2010 2.
261 1951 414 2010 Potentiae
441 1969 526 2023 ver0,
555 1950 595 2008 ad
623 1969 696 2026 quas
717 1951 873 2026 pulchrum
901 1950 1044 2022 refertur,
1075 1970 1134 2026 qua

142 2043 208 2114 tale,
231 2050 298 2100 sunt
318 2041 484 2113 rationales,
507 2041 672 2100 intellectus
691 2041 804 2100 scilicet
818 2051 848 2099 et
860 2043 1006 2099 voluntas.
1046 2042 1133 2098 «Bru-

142 2141 239 2189 torum
260 2129 340 2189 enim
360 2149 463 2189 sensus
484 2130 674 2206 perceptioni
694 2130 812 2206 pulchri
826 2147 927 2188 carere
943 2148 980 2188 ex
994 2130 1133 2188 observa-

142 2220 223 2278 tione
252 2229 375 2278 constat.
423 2220 568 2278 Pulchrae
597 2220 676 2278 enim
705 2238 752 2278 res
779 2239 837 2294 qno
864 2220 934 2276 tales
961 2219 1048 2277 bruta
1069 2237 1131 2276 non

142 2318 272 2367 movent.
302 2307 333 2366 Si
347 2307 399 2383 qui
412 2308 499 2384 igitur
513 2327 617 2367 sensus
631 2308 760 2367 hominis
774 2309 932 2384 pulchrum
946 2308 1132 2382 aliquatenus

142 2398 299 2474 percipere
312 2399 439 2470 valeant,
461 2397 493 2455 id
512 2416 575 2456 non
590 2415 681 2468 exse,
703 2397 757 2457 sed
779 2415 815 2457 ex
836 2397 1050 2455 coniunctione
1064 2413 1132 2453 cum
1160 2401 1161 2440 t

143 2487 295 2545 intellectu
315 2488 436 2558 habent,
459 2487 506 2546 cui
527 2486 742 2546 inserviunt.»⁸
1160 2451 1161 2540 i

204 2596 231 2651 3.
246 2577 531 2635 Fornnelitertamen
541 2575 732 2652 pulchritudo
742 2593 805 2633 non
821 2574 954 2634 consistit
963 2575 995 2632 in
1005 2575 1132 2633 delecta·

142 2666 202 2738 bili,
225 2667 307 2742 quod
327 2666 471 2724 voluntati
491 2667 585 2724 affert.
625 2665 721 2723 «Nam
736 2667 790 2724 etsi
804 2664 980 2741 aspiciendo
998 2665 1130 2740 pulchra,

142 2756 271 2816 iucunda
292 2756 440 2831 quaedam
461 2756 579 2814 affectio
601 2754 671 2814 inde
693 2756 725 2812 in
743 2755 843 2813 animo
858 2749 1003 2826 efficitur,
1032 2763 1131 2811 tamen

142 2864 206 2904 non
235 2845 350 2915 omnia,
380 2863 456 2920 quae
484 2844 673 2904 delectabilia
693 2854 775 2916 sunt,
803 2843 862 2902 hoc
889 2844 956 2919 ipso
984 2842 1082 2902 statim
1103 2853 1131 2900 ut

142 2936 267 3013 pulchra
287 2935 390 2993 haberi
410 2945 540 3010 possunt.
570 2933 764 2993 Delectabilis
785 2944 829 2992 est
849 2933 929 2991 enim
945 2933 1040 2991 dulcis
1056 2951 1130 2990 com·

143 3026 249 3084 mestio
280 3035 309 3082 et
338 3024 433 3082 suavis
464 3026 557 3097 odor3
591 3043 653 3083 non
683 3035 784 3082 tamen
813 3023 938 3098 pulchra
968 3022 1023 3081 ista
1059 3033 1127 3080 sunt.

144 3112 235 3183 Quod
263 3112 439 3169 delectabile
467 3123 523 3182 est,
552 3113 674 3187 proprie
699 3113 863 3188 appetitum
884 3111 1023 3187 respicit3
1052 3113 1128 3186 quod

208 3272 215 3302 ¹
235 3275 260 3320 S.
284 3275 377 3332 Thone,
397 3275 423 3322 S.
444 3277 522 3325 theol.
542 3279 562 3337 Ι,
582 3295 606 3341 q.
628 3291 669 3340 39,
691 3297 712 3327 a.
734 3279 785 3328 8c.

205 3345 300 3395 ²1bid.
320 3351 339 3407 Ι,
360 3367 384 3412 q.
405 3361 428 3412 5,
449 3371 470 3400 a.
490 3369 508 3414 4
527 3356 560 3404 ad
582 3369 604 3404 1.
678 3357 789 3419 ³Fen'ek,
811 3361 898 3410 Ontol.
918 3377 943 3424 p.
968 3373 1027 3420 190.
