2350 3700
110 86 161 156 [404
301 106 340 144 DE
359 107 456 144 CAUSIS
477 107 616 144 sumnus
637 107 734 145 MUNDI
754 106 904 146 CORPOREI.

169 253 298 312 Proinde
319 271 434 330 ponere
455 255 562 313 seriem
576 255 721 314 infinitam
736 275 898 329 causarum,
922 275 999 332 quae
1015 259 1095 334 ipsae

109 343 166 402 sint
187 344 320 414 effectae,
336 344 416 418 ‘quin
437 353 519 402 extra
540 345 622 403 illam
637 345 743 404 seriem
759 346 795 404 sit
809 364 862 404 ens
878 366 1011 419 causaue,
1035 366 1097 406 non

108 442 268 505 causatum,
290 431 372 491 idem
392 444 436 491 est
456 453 493 491 ac
514 451 628 509 ponere
649 436 788 494 effectum
803 435 866 494 sine
881 455 978 494 causa.
1009 437 1097 509 Quae

108 521 449 598 suppositioevidenter
469 535 624 599 repugnat.
660 527 742 602 Ergo
763 524 978 583 admittendum
1000 536 1046 584 est
1067 526 1097 583 in
1162 577 1163 600 ἒ

108 612 184 670 serie
199 629 353 670 causarum
362 611 465 670 ultimo
475 611 697 672 deveniendum
707 631 771 672 esse
781 614 820 671 ad
829 613 956 689 primam
966 629 1097 673 causam.

171 722 196 760 a.
225 699 405 760 Huiusmodi
426 702 517 760 series
537 701 652 760 infinita
673 721 827 761 causarum
848 702 962 761 admitti
983 705 1097 779 nequit,

109 791 178 866 quia
198 792 282 848 series
303 808 451 849 causarum
472 797 536 848 actu
555 793 670 866 infinita
691 799 848 868 repugnat:
868 786 896 867 a)
916 800 1039 868 propter
1053 813 1098 851 ra·

108 881 217 952 tioneS,
248 881 353 954 quibus
380 897 536 938 numerum
564 890 632 938 actu
659 880 805 938 infinitum
826 880 857 938 in
878 900 989 956 genere
1011 899 1097 958 repu-

107 987 200 1045 gnare
221 969 404 1028 ostendimus
424 987 513 1044 supra
533 989 562 1044 p.
585 985 641 1046 351
666 989 726 1046 sq.;
754 964 785 1044 b)
814 981 937 1046 propter
957 971 1096 1042 absurda,

108 1076 185 1136 quae
206 1067 400 1133 sequerentur
420 1058 452 1116 in
473 1058 573 1133 specie
595 1077 632 1117 ex
652 1059 810 1134 hypothesi
825 1059 925 1118 talium
940 1079 1096 1119 causarum

107 1165 233 1206 numero
254 1157 320 1205 actu
341 1146 530 1206 infinitarum.
567 1148 610 1206 Sit
631 1148 751 1206 unicum
772 1149 949 1224 exemplum.
988 1151 1022 1207 ln
1045 1149 1096 1208 illa
1162 1199 1163 1210 a

107 1238 183 1296 serie
210 1237 354 1295 habemus
381 1255 537 1296 numerum
565 1236 711 1296 infinitum
739 1255 910 1309 causarum,
942 1238 1095 1313 quianon
1162 1253 1163 1312 ζ

107 1326 268 1385 admittitur
289 1326 385 1402 prima
406 1343 509 1398 causa,
532 1337 562 1385 et
581 1345 738 1385 numerum
760 1327 904 1386 infinitum
926 1329 1093 1399 effectuum,
1162 1325 1163 1328 ’

107 1415 176 1491 quia
197 1415 329 1491 singulae
350 1434 456 1474 causae
482 1416 694 1491 producuntur.
737 1415 797 1475 Sed
825 1427 925 1475 tamen
954 1435 1094 1476 numerus
1162 1473 1163 1482 ἶ

107 1505 265 1563 effectuum
286 1522 346 1562 uno
368 1515 487 1580 superat
506 1523 663 1563 numerum
684 1521 847 1576 causarum,
870 1506 940 1580 quia
961 1505 1095 1564 ultimum
1162 1527 1163 1586 ᾗ

108 1611 161 1652 ens
181 1593 212 1651 in
233 1593 282 1651 illa
303 1593 378 1652 serie
400 1603 444 1651 est
464 1594 594 1665 effectus,
617 1592 753 1652 sednon
775 1612 872 1652 causa.
904 1595 1096 1653 Haberemus

107 1682 234 1757 proinde
250 1681 280 1739 in
295 1682 344 1739 ilia
358 1681 515 1757 hypothesi
528 1683 598 1740 duas
611 1701 740 1740 nanterus
752 1690 815 1739 artu
824 1684 959 1757 enfinitas,
974 1703 1096 1758 quornm

106 1772 181 1828 alter
200 1773 321 1829 alterum
342 1795 399 1830 una
417 1781 522 1830 unitate
541 1789 693 1844 superaret.
1162 1811 1163 1879 p

166 1862 250 1935 Ergo
270 1862 426 1937 hypothesis
446 1863 530 1919 seriei
554 1881 703 1919 causarum
731 1864 861 1937 enfine'tae
887 1862 1027 1919 reicienda
1055 1870 1099 1921 est
1162 1882 1163 1939 t

105 1959 139 2009 at
158 1952 290 2009 absterda.
1162 1940 1163 1945 '

167 2042 200 2100 C.
223 2041 407 2117 Hypothesis
426 2042 593 2119 evolutionei
612 2042 749 2099 materiae
769 2049 901 2099 aeternae
918 2043 1043 2099 aeternis
1056 2044 1097 2099 ai·

106 2130 184 2189 ribus
199 2131 350 2207 praeditae
369 2149 432 2188 non
453 2140 498 2189 est
513 2130 685 2206 hypothesis
699 2135 781 2189 recta
796 2130 910 2189 ratione
925 2130 1094 2205 probanda.

170 2241 193 2277 1.
216 2220 253 2277 In
274 2219 369 2277 multet
388 2222 607 2295 repugnantiam
628 2221 753 2277 involvit.
1162 2244 1163 2303 y

166 2305 194 2382 a)
208 2310 369 2383 Repugnat
383 2308 507 2367 materia
518 2319 640 2367 aeterna
650 2307 848 2384 improducta.
871 2309 997 2366 Materia
1012 2309 1095 2366 enim
1162 2306 1163 2367 i

106 2398 170 2456 talis
191 2408 246 2468 est,
276 2396 370 2472 qualis
392 2398 471 2456 clare
493 2407 523 2455 et
543 2406 646 2473 aperte
667 2406 810 2473 percepta
831 2397 957 2455 obicitur
981 2397 1093 2469 anim0,
1162 2438 1163 2479 p

105 2486 237 2561 alioquin
258 2488 358 2545 lumen
379 2486 486 2545 mentis
507 2486 546 2543 ad
567 2486 778 2561 deceptionem
795 2496 879 2558 esset,
901 2503 963 2544 non
978 2486 1018 2544 ad
1032 2486 1095 2543 illu·

105 2575 307 2634 minationem.
346 2574 439 2650 Atqui
458 2576 582 2633 materia
604 2576 683 2634 clare
706 2584 735 2634 et
755 2585 856 2651 aperte
878 2582 1021 2650 percepta
1043 2576 1097 2634 ob·
1162 2562 1163 2571 ¹

104 2664 190 2723 icitur
210 2664 310 2723 animo
331 2673 483 2739 tamquam
504 2663 678 2723 indifferens
704 2664 866 2723 secundum
894 2681 925 2722 se
952 2662 992 2721 ad
1020 2665 1095 2721 exsi-
1155 2710 1163 2773 't

104 2753 241 2812 siendum
261 2753 310 2812 vel
330 2771 393 2812 non
415 2753 631 2827 exsistendum3
653 2755 733 2812 clare
755 2753 835 2811 enim
850 2752 976 2811 obicitur
990 2753 1093 2811 animo
1162 2762 1163 2867 t

104 2852 209 2901 utens
231 2841 351 2914 finitum,
374 2843 524 2914 mutabile,
547 2799 631 2918 quod
646 2862 708 2902 non
723 2860 763 2918 po
765 2851 821 2901 test
835 2859 900 2901 esse
915 2861 932 2899 a
946 2858 977 2900 se
991 2858 1093 2917 neque

105 2940 149 2989 est
170 2931 377 2990 necessarium
1162 2982 1163 3009 ἶ

164 3014 194 3092 h)
216 3019 399 3094 Repugnant
418 3020 495 3079 vires
516 3031 657 3079 aeternae
680 3021 712 3077 in
733 3020 864 3079 materia.
899 3019 986 3079 Vires
1010 3020 1092 3079 enim
1162 3022 1163 3049 ⁴

104 3105 171 3160 illae
185 3117 235 3162 aut
249 3117 399 3179 ponuntur
408 3108 572 3165 secundum
582 3110 747 3182 potentiam
758 3119 807 3167 aut
817 3108 981 3167 secundum
992 3119 1091 3167 actum
1159 3108 1163 3179 ζ

105 3188 136 3243 in
157 3191 288 3247 materia.
331 3192 362 3248 Si
383 3205 533 3266 ponuntur
553 3196 718 3253 secundum
739 3198 921 3270 potentiam,
944 3210 1093 3273 repugnat
1162 3250 1163 3253 ,

106 3288 208 3328 eorum
229 3276 365 3335 transitus
386 3280 424 3335 ad
452 3292 551 3338 actum
578 3283 642 3341 sine
671 3284 781 3341 influxu
809 3285 885 3343 entis
912 3286 1042 3345 distincti
1074 3307 1092 3345 a
