2350 3700
135 98 145 133 1
153 99 186 134 10
513 99 743 138 CRITERIODOGIA.

191 248 237 305 Ex
249 258 311 306 tota
326 248 457 323 denique
472 248 522 306 illa
535 248 736 325 disputatione
749 249 804 306 hus
817 250 982 307 summatim
997 245 1138 304 Kantius

130 338 207 394 eruit
225 339 416 407 conclusiones,
438 337 546 414 quibus
559 339 592 396 fit
606 356 782 413 responsum
796 339 835 397 ad
856 339 1061 414 propositam
1082 336 1137 392 sibi

130 428 351 500 quaestionem:
382 438 480 485 utrum
501 445 607 486 revera
633 429 797 487 habeamus
817 428 994 487 facultatem
1020 442 1139 499 cogno

130 508 234 573 'scendi
248 535 292 588 ea,
315 534 392 593 qnae
413 516 628 593 experientiam
648 517 873 590 transcendunt,
894 534 1008 587 necne,
1035 524 1136 573 utrum

129 606 334 681 metaphysica
354 606 391 663 sit
410 605 560 681 possibilis
582 626 621 664 an
641 621 720 664 non:
1163 563 1165 696 i

194 711 230 762 1⁸.
259 705 322 763 Nos
349 723 412 763 non
440 704 648 779 cognoscimus
674 705 731 762 nisi
758 704 879 761 obiecta
903 704 1077 772 sensibilia,
1108 713 1137 760 et
1163 699 1165 812 i

129 792 169 850 de
189 793 245 851 illis
267 793 388 869 quidem
409 812 472 851 non
492 793 550 852 nisi
564 795 787 869 phaenomena·
808 792 873 867 ipsa
901 802 1004 852 autem
1038 793 1138 850 realia
1163 817 1165 872 3

129 882 248 941 obiecta
276 883 324 941 vel
357 901 509 942 noumena
543 876 628 958 (mas
656 883 738 957 Ding
773 901 812 940 an
844 876 940 956 sich»)
974 900 1049 940 non
1084 899 1136 939 ne·
1163 924 1165 963 3

129 972 193 1045 gari
213 971 336 1047 quidem
351 979 488 1047 possunt,
510 972 564 1031 sed
585 992 603 1029 a
624 971 798 1047 cognitione
818 982 921 1029 nostra
941 973 1039 1047 plane
1064 980 1137 1028 sunt

129 1071 251 1119 remota.

194 1169 231 1216 2⁸.
253 1160 452 1235 Metaplysica
465 1178 546 1230 vem,
568 1177 637 1217 cum
651 1168 768 1218 constet
781 1158 964 1231 veritatstrus,
988 1158 1030 1216 ad
1053 1177 1134 1233 quas

128 1247 250 1306 devenit
279 1248 355 1307 ratio
385 1264 461 1325 pura
491 1248 703 1307 concludendo
733 1248 773 1306 ad
802 1248 942 1306 ordinem
971 1257 1132 1306 transcen-

128 1335 271 1409 dentium,
293 1348 337 1397 est
358 1338 482 1396 omnino
505 1338 704 1414 impossibilis,
727 1344 761 1394 ut
779 1338 902 1395 scientia.

190 1440 228 1508 3⁸.
251 1435 343 1509 Quod
353 1434 543 1494 nihilominus
558 1435 754 1511 conceptibus
767 1434 877 1493 nostris
891 1434 922 1492 in
937 1436 998 1493 hoc
1014 1434 1132 1493 ordine

128 1525 262 1582 valorem
277 1524 457 1583 obiectivum
471 1524 635 1596 tribuimus,
656 1543 720 1583 non
735 1534 779 1583 est
792 1524 849 1582 nisi
870 1525 967 1581 illusio
981 1525 1130 1599 quaedam

128 1614 271 1663 naturalis.

189 1713 228 1775 4⁸.
250 1702 377 1779 Physica
396 1713 495 1761 autem
508 1703 658 1780 possibilis
672 1712 725 1776 est,
747 1702 878 1762 sednon
899 1702 957 1761 nisi
971 1712 1127 1778 quatenus

128 1790 209 1850 circa
236 1811 334 1852 rerum
362 1794 548 1870 apparentiae
570 1803 718 1866 versatur,
746 1792 837 1868 idque
867 1792 923 1865 ita,
953 1803 985 1850 ut
1013 1802 1128 1852 natura
1163 1817 1164 1820 ¹

127 1882 249 1941 visibilis
270 1903 287 1940 a
308 1882 500 1941 sensibilitate
521 1893 551 1941 et
571 1882 724 1942 intellectu
745 1890 932 1940 curatruatur.
1163 1874 1164 1913 ἶ

188 1973 230 2030 Ut
251 1981 348 2030 autem
368 1971 588 2047 scepticismum
603 1973 732 2048 effugiat,
754 1971 794 2030 ad
809 1989 898 2046 quem
912 1970 1057 2029 doctrina
1071 1990 1126 2029 sua
1163 2046 1164 2049 Ἴ

127 2060 206 2118 viam
226 2060 307 2118 videt
327 2070 474 2136 apertam,
505 2060 633 2120 Kantius
655 2062 694 2120 ad
721 2059 884 2120 dictamina
911 2059 1052 2136 confugit
1079 2080 1123 2118 ra·
1163 2068 1164 2073 ’

126 2148 215 2207 tionis
229 2149 389 2225 practicae,
406 2150 465 2208 hoc
479 2149 572 2208 modo
586 2150 825 2224 argununtando:
840 2150 944 2208 Homo
955 2149 984 2207 vi
995 2149 1124 2207 rationis

126 2238 276 2313 practicae
298 2237 512 2298 conscientiam
533 2238 625 2297 habet
645 2238 766 2296 alicuius
784 2237 905 2296 moralis
925 2238 1122 2314 obligationis

126 2328 164 2384 ab
192 2328 258 2403 ipso
288 2326 467 2404 implendae.
517 2328 605 2400 Quae
635 2327 778 2402 obligatio
806 2346 825 2384 a
851 2326 965 2385 Kantio
992 2339 1122 2386 vocatur

130 2416 337 2493 «imperativus
352 2416 566 2491 categoricus».
603 2416 663 2475 Sed
677 2417 743 2474 talis
764 2416 907 2492 obligatio
921 2416 1046 2474 moralis
1059 2427 1120 2474 tres

125 2505 293 2564 necessario
303 2505 518 2582 praesupponit
527 2505 680 2564 veritates:
696 2507 851 2564 libertatem
861 2505 975 2564 scilicet
988 2507 1119 2574 arbitrii,
1157 2491 1165 2573 ]

123 2597 363 2653 immortalitatem
383 2597 504 2664 animae,
527 2597 718 2652 exsistentiam
739 2595 807 2653 Dei.
843 2595 1031 2653 Libertatem
1053 2614 1121 2670 sup-

125 2685 219 2762 ponit,
242 2684 375 2760 alioquin
396 2683 435 2741 ad
456 2683 586 2742 officium
607 2682 793 2760 implendum
814 2685 906 2742 homo
935 2683 1033 2742 teneri
1055 2703 1119 2742 non
1163 2694 1164 2757 ᾗ

123 2785 235 2851 potest3
256 2774 506 2832 immortalitatem
528 2773 655 2845 animae,
677 2784 708 2831 ut
728 2773 873 2832 habeatur
893 2773 967 2848 legis
988 2773 1118 2845 sanctia,

123 2969 356 3033 Vernunftbegrifse
374 2969 439 3018 wird
457 2985 484 3017 es
503 2969 568 3017 auch
587 2969 687 3033 geben,
716 2969 770 3016 und
796 2985 823 3017 es
848 2968 912 3017 wird
937 2968 992 3016 also
1011 2968 1116 3017 erstlich

122 3051 164 3097 ein
183 3047 360 3111 Unbedingtes
385 3049 431 3096 der
455 3047 651 3112 kategorischen
674 3047 807 3112 Synthesis
834 3048 860 3096 in
885 3048 970 3096 einem
997 3047 1114 3112 Subjekt,

122 3129 241 3175 zweitens
267 3126 313 3172 der
337 3126 550 3188 hypothetischen
569 3127 702 3192 Synthesis
727 3127 774 3176 der
792 3127 898 3175 Glieder
923 3127 995 3175 einer
1020 3127 1114 3188 Reihe‚

122 3205 228 3252 drittens
246 3203 293 3251 der
310 3203 481 3266 disjunktiven
501 3206 633 3268 Synthesis
651 3207 697 3254 der
714 3207 787 3255 'seile
806 3207 833 3255 in
852 3207 936 3256 einem
955 3207 1060 3270 System
1086 3225 1116 3257 zu

123 3283 218 3329 snchen
238 3281 316 3328 sein.»
