<?xml version="1.0" encoding="UTF-8"?>
<!DOCTYPE html PUBLIC "-//W3C//DTD XHTML 1.0 Transitional//EN"
    "http://www.w3.org/TR/xhtml1/DTD/xhtml1-transitional.dtd">
<html xmlns="http://www.w3.org/1999/xhtml" xml:lang="en" lang="en">
 <head>
  <title>
</title>
<meta http-equiv="Content-Type" content="text/html;charset=utf-8" />
  <meta name='ocr-system' content='tesseract 3.04.00' />
  <meta name='ocr-capabilities' content='ocr_page ocr_carea ocr_par ocr_line ocrx_word'/>
</head>
<body>
  <div class='ocr_page' id='page_1' title='image "./elementaphiloso00reingoog_0418.png"; bbox 0 0 2350 3700; ppageno 0'>
   <div class='ocr_carea' id='block_1_1' title="bbox 95 72 892 135">
    <p class='ocr_par' dir='ltr' id='par_1_1' title="bbox 95 72 892 135">
     <span class='ocr_line' id='line_1_1' title="bbox 95 72 892 135; baseline -0.006 -14"><span class='ocrx_word' id='word_1_1' title='bbox 95 72 146 135; x_wconf 82' lang='lat'><strong>386</strong></span> <span class='ocrx_word' id='word_1_2' title='bbox 286 83 325 119; x_wconf 78' lang='lat' dir='ltr'><strong>nn</strong></span> <span class='ocrx_word' id='word_1_3' title='bbox 343 81 442 119; x_wconf 75' lang='lat' dir='ltr'><strong>causis</strong></span> <span class='ocrx_word' id='word_1_4' title='bbox 462 81 603 117; x_wconf 75' lang='lat' dir='ltr'><strong>suranms</strong></span> <span class='ocrx_word' id='word_1_5' title='bbox 623 80 722 117; x_wconf 78' lang='lat' dir='ltr'><strong>nunni</strong></span> <span class='ocrx_word' id='word_1_6' title='bbox 742 80 892 117; x_wconf 67' lang='lat' dir='ltr'><strong>conposui.</strong></span> 
     </span>
    </p>
   </div>
   <div class='ocr_carea' id='block_1_2' title="bbox 92 229 1159 1019">
    <p class='ocr_par' dir='ltr' id='par_1_2' title="bbox 92 229 1159 396">
     <span class='ocr_line' id='line_1_2' title="bbox 92 229 1159 305; baseline -0.007 -13"><span class='ocrx_word' id='word_1_7' title='bbox 92 232 211 292; x_wconf 79' lang='lat' dir='ltr'><strong>definit:</strong></span> <span class='ocrx_word' id='word_1_8' title='bbox 240 232 285 299; x_wconf 66' lang='lat' dir='ltr'><strong>aa,</strong></span> <span class='ocrx_word' id='word_1_9' title='bbox 312 230 391 305; x_wconf 79' lang='lat' dir='ltr'><strong>quod</strong></span> <span class='ocrx_word' id='word_1_10' title='bbox 412 247 501 304; x_wconf 80' lang='lat' dir='ltr'><em>neque</em></span> <span class='ocrx_word' id='word_1_11' title='bbox 526 236 568 286; x_wconf 83' lang='lat' dir='ltr'><strong>est</strong></span> <span class='ocrx_word' id='word_1_12' title='bbox 592 229 676 303; x_wconf 73' lang='lat' dir='ltr'><strong>qual,</strong></span> <span class='ocrx_word' id='word_1_13' title='bbox 704 246 791 303; x_wconf 80' lang='lat' dir='ltr'><em>neque</em></span> <span class='ocrx_word' id='word_1_14' title='bbox 810 236 967 303; x_wconf 80' lang='lat' dir='ltr'><strong>quantum,</strong></span> <span class='ocrx_word' id='word_1_15' title='bbox 1001 244 1088 303; x_wconf 80' lang='lat' dir='ltr'><strong>neque</strong></span> <span class='ocrx_word' id='word_1_16' title='bbox 1158 268 1159 271; x_wconf 63' lang='lat'><strong>,</strong></span> 
     </span>
     <span class='ocr_line' id='line_1_3' title="bbox 92 318 932 396; baseline -0.001 -19"><span class='ocrx_word' id='word_1_17' title='bbox 92 323 183 396; x_wconf 76' lang='lat' dir='ltr'><strong>quale,</strong></span> <span class='ocrx_word' id='word_1_18' title='bbox 204 338 291 395; x_wconf 80' lang='lat' dir='ltr'><strong>neque</strong></span> <span class='ocrx_word' id='word_1_19' title='bbox 310 319 395 376; x_wconf 68' lang='lat' dir='ltr'><strong>oldad</strong></span> <span class='ocrx_word' id='word_1_20' title='bbox 411 337 516 387; x_wconf 85' lang='lat' dir='ltr'><strong>corum,</strong></span> <span class='ocrx_word' id='word_1_21' title='bbox 537 318 644 393; x_wconf 64' lang='lat' dir='ltr'><strong>quadus</strong></span> <span class='ocrx_word' id='word_1_22' title='bbox 657 335 706 375; x_wconf 80' lang='lat' dir='ltr'><strong>ens</strong></span> <span class='ocrx_word' id='word_1_23' title='bbox 726 327 932 376; x_wconf 76' lang='lat' dir='ltr'>determinatur.</span> 
     </span>
    </p>

    <p class='ocr_par' dir='ltr' id='par_1_3' title="bbox 92 403 1159 1019">
     <span class='ocr_line' id='line_1_4' title="bbox 155 403 1089 483; baseline -0.005 -15"><span class='ocrx_word' id='word_1_24' title='bbox 155 431 181 468; x_wconf 87' lang='lat'><strong>2.</strong></span> <span class='ocrx_word' id='word_1_25' title='bbox 202 410 258 467; x_wconf 89' lang='lat' dir='ltr'><strong>Illa</strong></span> <span class='ocrx_word' id='word_1_26' title='bbox 278 418 377 467; x_wconf 87' lang='lat' dir='ltr'><strong>autem</strong></span> <span class='ocrx_word' id='word_1_27' title='bbox 397 408 533 483; x_wconf 86' lang='lat' dir='ltr'><strong>potentia</strong></span> <span class='ocrx_word' id='word_1_28' title='bbox 552 424 628 482; x_wconf 90' lang='lat' dir='ltr'><strong>pura</strong></span> <span class='ocrx_word' id='word_1_29' title='bbox 647 424 710 464; x_wconf 91' lang='lat' dir='ltr'><strong>non</strong></span> <span class='ocrx_word' id='word_1_30' title='bbox 732 416 776 465; x_wconf 91' lang='lat' dir='ltr'><strong>est</strong></span> <span class='ocrx_word' id='word_1_31' title='bbox 800 425 884 465; x_wconf 87' lang='lat' dir='ltr'><strong>mera</strong></span> <span class='ocrx_word' id='word_1_32' title='bbox 905 403 1089 481; x_wconf 84' lang='lat' dir='ltr'><strong>possibilitas</strong></span> 
     </span>
     <span class='ocr_line' id='line_1_5' title="bbox 92 493 1159 575; baseline -0.006 -19"><span class='ocrx_word' id='word_1_33' title='bbox 92 500 141 558; x_wconf 93' lang='lat' dir='ltr'><strong>vel</strong></span> <span class='ocrx_word' id='word_1_34' title='bbox 168 498 303 575; x_wconf 88' lang='lat' dir='ltr'><strong>potentia</strong></span> <span class='ocrx_word' id='word_1_35' title='bbox 329 497 477 555; x_wconf 88' lang='lat' dir='ltr'><strong>obiectiva</strong></span> <span class='ocrx_word' id='word_1_36' title='bbox 491 497 516 566; x_wconf 90' lang='lat'><strong>¹,</strong></span> <span class='ocrx_word' id='word_1_37' title='bbox 543 496 597 554; x_wconf 91' lang='lat' dir='ltr'><strong>sed</strong></span> <span class='ocrx_word' id='word_1_38' title='bbox 624 505 668 555; x_wconf 90' lang='lat' dir='ltr'><strong>est</strong></span> <span class='ocrx_word' id='word_1_39' title='bbox 695 514 749 554; x_wconf 89' lang='lat' dir='ltr'><strong>ens</strong></span> <span class='ocrx_word' id='word_1_40' title='bbox 775 496 857 555; x_wconf 85' lang='lat' dir='ltr'><strong>reale</strong></span> <span class='ocrx_word' id='word_1_41' title='bbox 881 494 1030 554; x_wconf 86' lang='lat' dir='ltr'><strong>exsistens</strong></span> <span class='ocrx_word' id='word_1_42' title='bbox 1058 493 1089 551; x_wconf 92' lang='lat' dir='ltr'><strong>in</strong></span> <span class='ocrx_word' id='word_1_43' title='bbox 1158 566 1159 575; x_wconf 9' lang='grc' dir='ltr'>ἵ</span> 
     </span>
     <span class='ocr_line' id='line_1_6' title="bbox 92 584 1090 660; baseline -0.007 -13"><span class='ocrx_word' id='word_1_44' title='bbox 92 606 191 647; x_wconf 90' lang='lat' dir='ltr'><strong>rerum</strong></span> <span class='ocrx_word' id='word_1_45' title='bbox 211 597 317 645; x_wconf 87' lang='lat' dir='ltr'><strong>natura</strong></span> <span class='ocrx_word' id='word_1_46' title='bbox 337 604 400 644; x_wconf 91' lang='lat' dir='ltr'><strong>non</strong></span> <span class='ocrx_word' id='word_1_47' title='bbox 420 595 453 644; x_wconf 88' lang='lat' dir='ltr'><strong>ut</strong></span> <span class='ocrx_word' id='word_1_48' title='bbox 472 584 626 656; x_wconf 86' lang='lat' dir='ltr'><strong>accidens,</strong></span> <span class='ocrx_word' id='word_1_49' title='bbox 648 585 703 643; x_wconf 94' lang='lat' dir='ltr'><strong>sed</strong></span> <span class='ocrx_word' id='word_1_50' title='bbox 723 594 756 643; x_wconf 91' lang='lat' dir='ltr'><strong>ut</strong></span> <span class='ocrx_word' id='word_1_51' title='bbox 774 603 861 642; x_wconf 81' lang='lat' dir='ltr'><strong>unum</strong></span> <span class='ocrx_word' id='word_1_52' title='bbox 882 603 919 642; x_wconf 84' lang='lat' dir='ltr'><strong>ex</strong></span> <span class='ocrx_word' id='word_1_53' title='bbox 934 584 1090 660; x_wconf 65' lang='lat' dir='ltr'><strong>principiis</strong></span> 
     </span>
     <span class='ocr_line' id='line_1_7' title="bbox 92 671 1090 751; baseline -0.006 -16"><span class='ocrx_word' id='word_1_54' title='bbox 92 678 265 735; x_wconf 66' lang='lat' dir='ltr'><strong>substantiae</strong></span> <span class='ocrx_word' id='word_1_55' title='bbox 284 683 440 751; x_wconf 79' lang='lat' dir='ltr'><strong>corporeae.</strong></span> <span class='ocrx_word' id='word_1_56' title='bbox 483 674 544 733; x_wconf 89' lang='lat' dir='ltr'><strong>Sub</strong></span> <span class='ocrx_word' id='word_1_57' title='bbox 564 675 624 733; x_wconf 92' lang='lat' dir='ltr'><strong>hoc</strong></span> <span class='ocrx_word' id='word_1_58' title='bbox 643 689 717 733; x_wconf 89' lang='lat' dir='ltr'><strong>vero</strong></span> <span class='ocrx_word' id='word_1_59' title='bbox 737 685 874 750; x_wconf 88' lang='lat' dir='ltr'><strong>respectu</strong></span> <span class='ocrx_word' id='word_1_60' title='bbox 895 671 1090 733; x_wconf 88' lang='lat' dir='ltr'><strong>considerata</strong></span> 
     </span>
     <span class='ocr_line' id='line_1_8' title="bbox 92 761 1089 842; baseline -0.008 -17"><span class='ocrx_word' id='word_1_61' title='bbox 92 766 219 842; x_wconf 84' lang='lat' dir='ltr'><strong>positive</strong></span> <span class='ocrx_word' id='word_1_62' title='bbox 239 764 392 825; x_wconf 85' lang='lat' dir='ltr'><strong>definitur:</strong></span> <span class='ocrx_word' id='word_1_63' title='bbox 420 765 524 821; x_wconf 81' lang='lat' dir='ltr'><strong>entitas</strong></span> <span class='ocrx_word' id='word_1_64' title='bbox 550 763 655 831; x_wconf 84' lang='lat' dir='ltr'><strong>realis,</strong></span> <span class='ocrx_word' id='word_1_65' title='bbox 681 781 753 839; x_wconf 79' lang='lat' dir='ltr'><strong>quas</strong></span> <span class='ocrx_word' id='word_1_66' title='bbox 779 782 866 838; x_wconf 73' lang='lat' dir='ltr'><strong>mque</strong></span> <span class='ocrx_word' id='word_1_67' title='bbox 893 770 937 821; x_wconf 80' lang='lat' dir='ltr'><strong>cst</strong></span> <span class='ocrx_word' id='word_1_68' title='bbox 961 761 1089 818; x_wconf 68' lang='lat' dir='ltr'><strong>academ</strong></span> 
     </span>
     <span class='ocr_line' id='line_1_9' title="bbox 93 852 1087 930; baseline 0.004 -18"><span class='ocrx_word' id='word_1_69' title='bbox 93 874 180 930; x_wconf 79' lang='lat' dir='ltr'><em>neque</em></span> <span class='ocrx_word' id='word_1_70' title='bbox 199 855 357 913; x_wconf 73' lang='lat' dir='ltr'><strong>nobstantia</strong></span> <span class='ocrx_word' id='word_1_71' title='bbox 376 854 526 929; x_wconf 76' lang='lat' dir='ltr'><strong>completa,</strong></span> <span class='ocrx_word' id='word_1_72' title='bbox 553 852 607 910; x_wconf 76' lang='lat' dir='ltr'><strong>std</strong></span> <span class='ocrx_word' id='word_1_73' title='bbox 628 862 787 913; x_wconf 78' lang='lat' dir='ltr'><strong>substantia</strong></span> <span class='ocrx_word' id='word_1_74' title='bbox 808 862 998 927; x_wconf 72' lang='lat' dir='ltr'><strong>incompleta,</strong></span> <span class='ocrx_word' id='word_1_75' title='bbox 1027 859 1087 915; x_wconf 74' lang='lat' dir='ltr'><strong>sao</strong></span> 
     </span>
     <span class='ocr_line' id='line_1_10' title="bbox 92 944 783 1019; baseline -0.003 -18"><span class='ocrx_word' id='word_1_76' title='bbox 92 946 190 1003; x_wconf 75' lang='lat' dir='ltr'><strong>iactum</strong></span> <span class='ocrx_word' id='word_1_77' title='bbox 209 944 316 1013; x_wconf 82' lang='lat' dir='ltr'><strong>so&#39;licct,</strong></span> <span class='ocrx_word' id='word_1_78' title='bbox 339 961 376 1000; x_wconf 82' lang='lat' dir='ltr'><strong>ex</strong></span> <span class='ocrx_word' id='word_1_79' title='bbox 395 961 449 1019; x_wconf 82' lang='lat' dir='ltr'><strong>qao</strong></span> <span class='ocrx_word' id='word_1_80' title='bbox 469 960 515 999; x_wconf 85' lang='lat' dir='ltr'><strong>res</strong></span> <span class='ocrx_word' id='word_1_81' title='bbox 535 949 684 1017; x_wconf 72' lang='lat' dir='ltr'><em>corporeae</em></span> <span class='ocrx_word' id='word_1_82' title='bbox 695 944 783 1017; x_wconf 84' lang='lat' dir='ltr'><strong>fiunt.</strong></span> 
     </span>
    </p>
   </div>
   <div class='ocr_carea' id='block_1_3' title="bbox 86 1036 1159 3324">
    <p class='ocr_par' dir='ltr' id='par_1_4' title="bbox 92 1036 1086 1368">
     <span class='ocr_line' id='line_1_11' title="bbox 153 1036 1086 1117; baseline 0.003 -18"><span class='ocrx_word' id='word_1_83' title='bbox 153 1044 191 1100; x_wconf 93' lang='lat' dir='ltr'><strong>II.</strong></span> <span class='ocrx_word' id='word_1_84' title='bbox 215 1041 324 1115; x_wconf 81' lang='lat' dir='ltr'><em>Quoad</em></span> <span class='ocrx_word' id='word_1_85' title='bbox 332 1036 478 1116; x_wconf 60' lang='lat' dir='ltr'><strong>sormamss</strong></span> <span class='ocrx_word' id='word_1_86' title='bbox 495 1071 535 1078; x_wconf 89' lang='lat'>—</span> <span class='ocrx_word' id='word_1_87' title='bbox 556 1039 638 1098; x_wconf 89' lang='lat' dir='ltr'><strong>Sicut</strong></span> <span class='ocrx_word' id='word_1_88' title='bbox 665 1040 820 1099; x_wconf 86' lang='lat' dir='ltr'><strong>materiam</strong></span> <span class='ocrx_word' id='word_1_89' title='bbox 848 1041 976 1117; x_wconf 88' lang='lat' dir='ltr'><strong>primam</strong></span> <span class='ocrx_word' id='word_1_90' title='bbox 1001 1045 1086 1103; x_wconf 91' lang='lat' dir='ltr'><strong>scho-</strong></span> 
     </span>
     <span class='ocr_line' id='line_1_12' title="bbox 92 1129 1083 1207; baseline 0.003 -19"><span class='ocrx_word' id='word_1_91' title='bbox 92 1131 187 1190; x_wconf 88' lang='lat' dir='ltr'><strong>lastici</strong></span> <span class='ocrx_word' id='word_1_92' title='bbox 203 1129 367 1207; x_wconf 89' lang='lat' dir='ltr'><strong>potentiam</strong></span> <span class='ocrx_word' id='word_1_93' title='bbox 380 1140 499 1200; x_wconf 87' lang='lat' dir='ltr'><strong>vocant,</strong></span> <span class='ocrx_word' id='word_1_94' title='bbox 521 1129 563 1187; x_wconf 88' lang='lat' dir='ltr'><strong>ita</strong></span> <span class='ocrx_word' id='word_1_95' title='bbox 575 1130 703 1187; x_wconf 86' lang='lat' dir='ltr'><strong>formam</strong></span> <span class='ocrx_word' id='word_1_96' title='bbox 718 1130 762 1188; x_wconf 93' lang='lat' dir='ltr'><strong>rei</strong></span> <span class='ocrx_word' id='word_1_97' title='bbox 776 1136 867 1187; x_wconf 80' lang='lat' dir='ltr'><strong>actum</strong></span> <span class='ocrx_word' id='word_1_98' title='bbox 882 1148 948 1190; x_wconf 90' lang='lat' dir='ltr'><strong>esse</strong></span> <span class='ocrx_word' id='word_1_99' title='bbox 962 1132 1083 1191; x_wconf 87' lang='lat' dir='ltr'><strong>docent.</strong></span> 
     </span>
     <span class='ocr_line' id='line_1_13' title="bbox 94 1218 1086 1296; baseline 0.001 -18"><span class='ocrx_word' id='word_1_100' title='bbox 94 1221 154 1293; x_wconf 89' lang='lat' dir='ltr'><strong>Qui</strong></span> <span class='ocrx_word' id='word_1_101' title='bbox 182 1220 303 1296; x_wconf 91' lang='lat' dir='ltr'><strong>quidem</strong></span> <span class='ocrx_word' id='word_1_102' title='bbox 330 1230 429 1290; x_wconf 89' lang='lat' dir='ltr'><strong>actus,</strong></span> <span class='ocrx_word' id='word_1_103' title='bbox 459 1219 539 1277; x_wconf 82' lang='lat' dir='ltr'><strong>iuxta</strong></span> <span class='ocrx_word' id='word_1_104' title='bbox 566 1218 644 1276; x_wconf 89' lang='lat' dir='ltr'><strong>hanc</strong></span> <span class='ocrx_word' id='word_1_105' title='bbox 672 1218 855 1291; x_wconf 83' lang='lat' dir='ltr'><strong>doctrinam,</strong></span> <span class='ocrx_word' id='word_1_106' title='bbox 886 1220 943 1279; x_wconf 88' lang='lat' dir='ltr'><strong>tria</strong></span> <span class='ocrx_word' id='word_1_107' title='bbox 970 1223 1014 1281; x_wconf 90' lang='lat' dir='ltr'><strong>rei</strong></span> <span class='ocrx_word' id='word_1_108' title='bbox 1043 1222 1086 1279; x_wconf 92' lang='lat' dir='ltr'><strong>in·</strong></span> 
     </span>
     <span class='ocr_line' id='line_1_14' title="bbox 93 1310 392 1368; baseline -0.007 0"><span class='ocrx_word' id='word_1_109' title='bbox 93 1311 236 1368; x_wconf 81' lang='lat' dir='ltr'><strong>formatae</strong></span> <span class='ocrx_word' id='word_1_110' title='bbox 258 1310 392 1368; x_wconf 84' lang='lat' dir='ltr'><strong>confert:</strong></span> 
     </span>
    </p>

    <p class='ocr_par' dir='ltr' id='par_1_5' title="bbox 93 1388 1159 1563">
     <span class='ocr_line' id='line_1_15' title="bbox 156 1388 1159 1479; baseline 0.001 -23"><span class='ocrx_word' id='word_1_111' title='bbox 156 1419 180 1457; x_wconf 91' lang='lat'><strong>1.</strong></span> <span class='ocrx_word' id='word_1_112' title='bbox 203 1400 264 1456; x_wconf 91' lang='lat' dir='ltr'><strong>Dat</strong></span> <span class='ocrx_word' id='word_1_113' title='bbox 282 1401 405 1474; x_wconf 64' lang='lat' dir='ltr'><strong>spcotm,</strong></span> <span class='ocrx_word' id='word_1_114' title='bbox 427 1396 458 1455; x_wconf 92' lang='lat' dir='ltr'><strong>id</strong></span> <span class='ocrx_word' id='word_1_115' title='bbox 478 1408 523 1479; x_wconf 77' lang='lat' dir='ltr'><strong>est</strong></span> <span class='ocrx_word' id='word_1_116' title='bbox 543 1415 579 1455; x_wconf 86' lang='lat' dir='ltr'><strong>ex</strong></span> <span class='ocrx_word' id='word_1_117' title='bbox 601 1397 698 1455; x_wconf 87' lang='lat' dir='ltr'><strong>forma</strong></span> <span class='ocrx_word' id='word_1_118' title='bbox 718 1398 761 1469; x_wconf 89' lang='lat' dir='ltr'><strong>fit,</strong></span> <span class='ocrx_word' id='word_1_119' title='bbox 784 1408 816 1456; x_wconf 94' lang='lat' dir='ltr'><strong>ut</strong></span> <span class='ocrx_word' id='word_1_120' title='bbox 835 1398 895 1457; x_wconf 88' lang='lat' dir='ltr'><strong>tale</strong></span> <span class='ocrx_word' id='word_1_121' title='bbox 916 1416 1026 1475; x_wconf 88' lang='lat' dir='ltr'><strong>corpus</strong></span> <span class='ocrx_word' id='word_1_122' title='bbox 1047 1400 1086 1459; x_wconf 89' lang='lat' dir='ltr'><strong>sit</strong></span> <span class='ocrx_word' id='word_1_123' title='bbox 1158 1388 1159 1433; x_wconf 60' lang='lat' dir='ltr'><strong>l</strong></span> 
     </span>
     <span class='ocr_line' id='line_1_16' title="bbox 93 1486 898 1563; baseline 0 -17"><span class='ocrx_word' id='word_1_124' title='bbox 93 1488 236 1546; x_wconf 86' lang='lat' dir='ltr'><strong>minerale</strong></span> <span class='ocrx_word' id='word_1_125' title='bbox 257 1505 283 1545; x_wconf 93' lang='lat' dir='ltr'><strong>e.</strong></span> <span class='ocrx_word' id='word_1_126' title='bbox 306 1506 334 1562; x_wconf 89' lang='lat' dir='ltr'><strong>g.</strong></span> <span class='ocrx_word' id='word_1_127' title='bbox 356 1486 566 1563; x_wconf 88' lang='lat' dir='ltr'><strong>potiusquam</strong></span> <span class='ocrx_word' id='word_1_128' title='bbox 588 1488 691 1562; x_wconf 88' lang='lat' dir='ltr'><strong>planta</strong></span> <span class='ocrx_word' id='word_1_129' title='bbox 711 1487 759 1545; x_wconf 92' lang='lat' dir='ltr'><strong>vel</strong></span> <span class='ocrx_word' id='word_1_130' title='bbox 780 1486 898 1546; x_wconf 89' lang='lat' dir='ltr'><strong>animal.</strong></span> 
     </span>
    </p>

    <p class='ocr_par' dir='ltr' id='par_1_6' title="bbox 86 1575 1159 3268">
     <span class='ocr_line' id='line_1_17' title="bbox 155 1575 1085 1651; baseline 0.001 -17"><span class='ocrx_word' id='word_1_131' title='bbox 155 1598 180 1635; x_wconf 88' lang='lat'><strong>2.</strong></span> <span class='ocrx_word' id='word_1_132' title='bbox 203 1578 264 1634; x_wconf 90' lang='lat' dir='ltr'><strong>Dat</strong></span> <span class='ocrx_word' id='word_1_133' title='bbox 284 1594 340 1633; x_wconf 82' lang='lat' dir='ltr'><strong>esse</strong></span> <span class='ocrx_word' id='word_1_134' title='bbox 359 1576 552 1645; x_wconf 74' lang='lat' dir='ltr'><strong>nobstantrale,</strong></span> <span class='ocrx_word' id='word_1_135' title='bbox 575 1585 720 1650; x_wconf 89' lang='lat' dir='ltr'><strong>quatenus</strong></span> <span class='ocrx_word' id='word_1_136' title='bbox 741 1575 832 1633; x_wconf 87' lang='lat' dir='ltr'><strong>efficit</strong></span> <span class='ocrx_word' id='word_1_137' title='bbox 852 1594 877 1635; x_wconf 94' lang='lat' dir='ltr'><strong>e.</strong></span> <span class='ocrx_word' id='word_1_138' title='bbox 901 1594 948 1651; x_wconf 85' lang='lat' dir='ltr'><strong>g.,</strong></span> <span class='ocrx_word' id='word_1_139' title='bbox 971 1587 1003 1635; x_wconf 90' lang='lat' dir='ltr'><strong>ut</strong></span> <span class='ocrx_word' id='word_1_140' title='bbox 1023 1578 1085 1636; x_wconf 88' lang='lat' dir='ltr'><strong>tale</strong></span> 
     </span>
     <span class='ocr_line' id='line_1_18' title="bbox 93 1664 1085 1742; baseline 0.001 -18"><span class='ocrx_word' id='word_1_141' title='bbox 93 1684 210 1742; x_wconf 90' lang='lat' dir='ltr'><strong>corpus,</strong></span> <span class='ocrx_word' id='word_1_142' title='bbox 225 1664 480 1741; x_wconf 78' lang='lat' dir='ltr'><strong>quadriformae</strong></span> <span class='ocrx_word' id='word_1_143' title='bbox 494 1675 539 1723; x_wconf 89' lang='lat' dir='ltr'><strong>est</strong></span> <span class='ocrx_word' id='word_1_144' title='bbox 552 1664 728 1736; x_wconf 50' lang='lat' dir='ltr'><strong>minerales</strong></span> <span class='ocrx_word' id='word_1_145' title='bbox 720 1683 752 1721; x_wconf 87' lang='lat' dir='ltr'><strong>ru</strong></span> <span class='ocrx_word' id='word_1_146' title='bbox 761 1682 794 1723; x_wconf 91' lang='lat' dir='ltr'><strong>se</strong></span> <span class='ocrx_word' id='word_1_147' title='bbox 803 1665 940 1725; x_wconf 78' lang='lat' dir='ltr'><strong>subsistat</strong></span> <span class='ocrx_word' id='word_1_148' title='bbox 953 1667 1085 1725; x_wconf 87' lang='lat' dir='ltr'><strong>realiter</strong></span> 
     </span>
     <span class='ocr_line' id='line_1_19' title="bbox 153 1753 1087 1830; baseline 0.003 -20"><span class='ocrx_word' id='word_1_149' title='bbox 153 1774 181 1827; x_wconf 84' lang='lat'><strong>3.</strong></span> <span class='ocrx_word' id='word_1_150' title='bbox 202 1755 264 1811; x_wconf 91' lang='lat' dir='ltr'><strong>Dat</strong></span> <span class='ocrx_word' id='word_1_151' title='bbox 282 1772 340 1811; x_wconf 82' lang='lat' dir='ltr'><strong>esse</strong></span> <span class='ocrx_word' id='word_1_152' title='bbox 359 1760 482 1812; x_wconf 76' lang='lat' dir='ltr'><strong>naturae</strong></span> <span class='ocrx_word' id='word_1_153' title='bbox 501 1754 550 1812; x_wconf 90' lang='lat' dir='ltr'><strong>vel</strong></span> <span class='ocrx_word' id='word_1_154' title='bbox 564 1753 781 1830; x_wconf 84' lang='lat' dir='ltr'><strong>operationum,</strong></span> <span class='ocrx_word' id='word_1_155' title='bbox 804 1771 841 1812; x_wconf 94' lang='lat' dir='ltr'><strong>eo</strong></span> <span class='ocrx_word' id='word_1_156' title='bbox 856 1755 939 1829; x_wconf 94' lang='lat' dir='ltr'><strong>quod</strong></span> <span class='ocrx_word' id='word_1_157' title='bbox 953 1754 1005 1813; x_wconf 89' lang='lat' dir='ltr'><strong>tali</strong></span> <span class='ocrx_word' id='word_1_158' title='bbox 1020 1773 1087 1813; x_wconf 89' lang='lat' dir='ltr'><strong>cor·</strong></span> 
     </span>
     <span class='ocr_line' id='line_1_20' title="bbox 93 1842 1087 1921; baseline 0.001 -18"><span class='ocrx_word' id='word_1_159' title='bbox 93 1844 167 1921; x_wconf 90' lang='lat' dir='ltr'><strong>pori,</strong></span> <span class='ocrx_word' id='word_1_160' title='bbox 190 1843 320 1920; x_wconf 92' lang='lat' dir='ltr'><strong>quod</strong></span> <span class='ocrx_word' id='word_1_161' title='bbox 292 1865 322 1902; x_wconf 86' lang='lat' dir='ltr'><strong>vr</strong></span> <span class='ocrx_word' id='word_1_162' title='bbox 343 1843 485 1903; x_wconf 83' lang='lat' dir='ltr'><strong>formae&#39;</strong></span> <span class='ocrx_word' id='word_1_163' title='bbox 478 1862 537 1902; x_wconf 88' lang='lat' dir='ltr'><strong>ram</strong></span> <span class='ocrx_word' id='word_1_164' title='bbox 558 1853 603 1902; x_wconf 91' lang='lat' dir='ltr'><strong>est</strong></span> <span class='ocrx_word' id='word_1_165' title='bbox 622 1842 753 1920; x_wconf 87' lang='lat' dir='ltr'><strong>planta</strong></span> <span class='ocrx_word' id='word_1_166' title='bbox 745 1863 777 1901; x_wconf 90' lang='lat' dir='ltr'><strong>m</strong></span> <span class='ocrx_word' id='word_1_167' title='bbox 797 1862 829 1903; x_wconf 92' lang='lat' dir='ltr'><strong>se</strong></span> <span class='ocrx_word' id='word_1_168' title='bbox 848 1843 1051 1917; x_wconf 49' lang='lat' dir='ltr'><strong>subsistensf</strong></span> <span class='ocrx_word' id='word_1_169' title='bbox 1042 1865 1087 1904; x_wconf 85' lang='lat' dir='ltr'><strong>rn-</strong></span> 
     </span>
     <span class='ocr_line' id='line_1_21' title="bbox 93 1933 1086 2010; baseline 0.003 -19"><span class='ocrx_word' id='word_1_170' title='bbox 93 1952 182 2010; x_wconf 91' lang='lat' dir='ltr'><strong>super</strong></span> <span class='ocrx_word' id='word_1_171' title='bbox 202 1933 311 2004; x_wconf 89' lang='lat' dir='ltr'><strong>tribuit,</strong></span> <span class='ocrx_word' id='word_1_172' title='bbox 333 1945 365 1992; x_wconf 93' lang='lat' dir='ltr'><strong>ut</strong></span> <span class='ocrx_word' id='word_1_173' title='bbox 384 1933 416 1991; x_wconf 92' lang='lat' dir='ltr'><strong>in</strong></span> <span class='ocrx_word' id='word_1_174' title='bbox 430 1951 484 1992; x_wconf 91' lang='lat' dir='ltr'><strong>suo</strong></span> <span class='ocrx_word' id='word_1_175' title='bbox 498 1951 563 1992; x_wconf 91' lang='lat' dir='ltr'><strong>esse</strong></span> <span class='ocrx_word' id='word_1_176' title='bbox 577 1951 642 1993; x_wconf 91' lang='lat' dir='ltr'><strong>sese</strong></span> <span class='ocrx_word' id='word_1_177' title='bbox 657 1944 824 2005; x_wconf 86' lang='lat' dir='ltr'><strong>conservet,</strong></span> <span class='ocrx_word' id='word_1_178' title='bbox 847 1945 970 2006; x_wconf 89' lang='lat' dir='ltr'><strong>crescat,</strong></span> <span class='ocrx_word' id='word_1_179' title='bbox 993 1953 1086 2010; x_wconf 88' lang='lat' dir='ltr'><strong>gene·</strong></span> 
     </span>
     <span class='ocr_line' id='line_1_22' title="bbox 93 2022 349 2098; baseline 0.004 -19"><span class='ocrx_word' id='word_1_180' title='bbox 93 2022 179 2080; x_wconf 88' lang='lat' dir='ltr'><strong>ratim</strong></span> <span class='ocrx_word' id='word_1_181' title='bbox 200 2032 349 2098; x_wconf 86' lang='lat' dir='ltr'><strong>operetur</strong></span> 
     </span>
     <span class='ocr_line' id='line_1_23' title="bbox 153 2110 1082 2185; baseline 0.004 -17"><span class='ocrx_word' id='word_1_182' title='bbox 153 2110 326 2169; x_wconf 83' lang='lat' dir='ltr'><strong>Notandum</strong></span> <span class='ocrx_word' id='word_1_183' title='bbox 356 2121 457 2170; x_wconf 90' lang='lat' dir='ltr'><strong>tamen</strong></span> <span class='ocrx_word' id='word_1_184' title='bbox 487 2122 532 2170; x_wconf 88' lang='lat' dir='ltr'><strong>est</strong></span> <span class='ocrx_word' id='word_1_185' title='bbox 559 2111 698 2172; x_wconf 89' lang='lat' dir='ltr'><strong>notiones</strong></span> <span class='ocrx_word' id='word_1_186' title='bbox 728 2111 869 2171; x_wconf 90' lang='lat' dir='ltr'><strong>materiae</strong></span> <span class='ocrx_word' id='word_1_187' title='bbox 897 2122 928 2170; x_wconf 92' lang='lat' dir='ltr'><strong>et</strong></span> <span class='ocrx_word' id='word_1_188' title='bbox 956 2113 1082 2185; x_wconf 84' lang='lat' dir='ltr'><strong>formae,</strong></span> 
     </span>
     <span class='ocr_line' id='line_1_24' title="bbox 93 2199 1159 2314; baseline 0.001 -56"><span class='ocrx_word' id='word_1_189' title='bbox 93 2201 147 2258; x_wconf 88' lang='lat' dir='ltr'><strong>etsi</strong></span> <span class='ocrx_word' id='word_1_190' title='bbox 172 2199 270 2275; x_wconf 86' lang='lat' dir='ltr'><strong>primo</strong></span> <span class='ocrx_word' id='word_1_191' title='bbox 292 2199 458 2259; x_wconf 87' lang='lat' dir='ltr'><strong>referuntur</strong></span> <span class='ocrx_word' id='word_1_192' title='bbox 478 2200 518 2258; x_wconf 88' lang='lat' dir='ltr'><strong>ad</strong></span> <span class='ocrx_word' id='word_1_193' title='bbox 537 2200 640 2258; x_wconf 89' lang='lat' dir='ltr'><strong>ultima</strong></span> <span class='ocrx_word' id='word_1_194' title='bbox 660 2219 822 2276; x_wconf 89' lang='lat' dir='ltr'><strong>corporum</strong></span> <span class='ocrx_word' id='word_1_195' title='bbox 843 2203 993 2260; x_wconf 89' lang='lat' dir='ltr'><strong>elementa</strong></span> <span class='ocrx_word' id='word_1_196' title='bbox 1013 2218 1084 2260; x_wconf 93' lang='lat' dir='ltr'><strong>con·</strong></span> <span class='ocrx_word' id='word_1_197' title='bbox 1158 2243 1159 2314; x_wconf 32' lang='grc'><strong>1</strong></span> 
     </span>
     <span class='ocr_line' id='line_1_25' title="bbox 93 2288 1083 2390; baseline 0.002 -43"><span class='ocrx_word' id='word_1_198' title='bbox 93 2288 234 2361; x_wconf 88' lang='lat' dir='ltr'><strong>stitutiva,</strong></span> <span class='ocrx_word' id='word_1_199' title='bbox 265 2288 410 2348; x_wconf 88' lang='lat' dir='ltr'><strong>maiorem</strong></span> <span class='ocrx_word' id='word_1_200' title='bbox 436 2298 537 2348; x_wconf 88' lang='lat' dir='ltr'><strong>tamen</strong></span> <span class='ocrx_word' id='word_1_201' title='bbox 565 2289 647 2390; x_wconf 81' lang='lat' dir='ltr'><strong>apud</strong></span> <span class='ocrx_word' id='word_1_202' title='bbox 675 2289 867 2348; x_wconf 88' lang='lat' dir='ltr'><strong>scholasticos</strong></span> <span class='ocrx_word' id='word_1_203' title='bbox 894 2289 1011 2349; x_wconf 89' lang='lat' dir='ltr'><strong>habere</strong></span> <span class='ocrx_word' id='word_1_204' title='bbox 1035 2308 1083 2349; x_wconf 84' lang='lat' dir='ltr'><strong>ex-</strong></span> 
     </span>
     <span class='ocr_line' id='line_1_26' title="bbox 93 2376 1159 2498; baseline 0.001 -62"><span class='ocrx_word' id='word_1_205' title='bbox 93 2378 268 2437; x_wconf 90' lang='lat' dir='ltr'><strong>tensionem</strong></span> <span class='ocrx_word' id='word_1_206' title='bbox 311 2378 438 2437; x_wconf 83' lang='lat' dir='ltr'><strong>Materia</strong></span> <span class='ocrx_word' id='word_1_207' title='bbox 465 2376 546 2436; x_wconf 90' lang='lat' dir='ltr'><strong>enim</strong></span> <span class='ocrx_word' id='word_1_208' title='bbox 572 2379 605 2436; x_wconf 90' lang='lat' dir='ltr'><strong>in</strong></span> <span class='ocrx_word' id='word_1_209' title='bbox 632 2396 760 2454; x_wconf 88' lang='lat' dir='ltr'><strong>genere</strong></span> <span class='ocrx_word' id='word_1_210' title='bbox 772 2378 880 2438; x_wconf 88' lang='lat' dir='ltr'><strong>dicitur</strong></span> <span class='ocrx_word' id='word_1_211' title='bbox 905 2379 1049 2454; x_wconf 84' lang='lat' dir='ltr'><strong>aliquid&#39;</strong></span> <span class='ocrx_word' id='word_1_212' title='bbox 1040 2399 1083 2436; x_wconf 85' lang='grc' dir='ltr'>ιιι·</span> <span class='ocrx_word' id='word_1_213' title='bbox 1158 2419 1159 2498; x_wconf 31' lang='lat' dir='ltr'><strong>p</strong></span> 
     </span>
     <span class='ocr_line' id='line_1_27' title="bbox 93 2463 1083 2544; baseline 0.002 -19"><span class='ocrx_word' id='word_1_214' title='bbox 93 2467 336 2538; x_wconf 86' lang='lat' dir='ltr'><strong>determinatum,</strong></span> <span class='ocrx_word' id='word_1_215' title='bbox 365 2468 447 2542; x_wconf 92' lang='lat' dir='ltr'><strong>quod</strong></span> <span class='ocrx_word' id='word_1_216' title='bbox 474 2467 511 2526; x_wconf 91' lang='lat' dir='ltr'><strong>sit</strong></span> <span class='ocrx_word' id='word_1_217' title='bbox 537 2467 570 2525; x_wconf 87' lang='lat' dir='ltr'><strong>in</strong></span> <span class='ocrx_word' id='word_1_218' title='bbox 589 2463 730 2543; x_wconf 89' lang='lat' dir='ltr'><strong>potentia</strong></span> <span class='ocrx_word' id='word_1_219' title='bbox 757 2467 924 2544; x_wconf 89' lang='lat' dir='ltr'><strong>recipiendi</strong></span> <span class='ocrx_word' id='word_1_220' title='bbox 951 2469 1083 2543; x_wconf 86' lang='lat' dir='ltr'><strong>aliquam</strong></span> 
     </span>
     <span class='ocr_line' id='line_1_28' title="bbox 92 2556 1084 2632; baseline 0 -18"><span class='ocrx_word' id='word_1_221' title='bbox 92 2557 389 2631; x_wconf 65' lang='lat' dir='ltr'><strong>determinationem</strong></span> <span class='ocrx_word' id='word_1_222' title='bbox 413 2558 508 2615; x_wconf 86' lang='lat' dir='ltr'><strong>forma</strong></span> <span class='ocrx_word' id='word_1_223' title='bbox 522 2574 594 2615; x_wconf 90' lang='lat' dir='ltr'><strong>vero</strong></span> <span class='ocrx_word' id='word_1_224' title='bbox 615 2556 711 2615; x_wconf 89' lang='lat' dir='ltr'><strong>estid</strong></span> <span class='ocrx_word' id='word_1_225' title='bbox 732 2574 831 2630; x_wconf 86' lang='lat' dir='ltr'><strong>omne,</strong></span> <span class='ocrx_word' id='word_1_226' title='bbox 854 2557 937 2632; x_wconf 90' lang='lat' dir='ltr'><strong>quod</strong></span> <span class='ocrx_word' id='word_1_227' title='bbox 958 2574 1023 2616; x_wconf 87' lang='lat' dir='ltr'><strong>rem</strong></span> <span class='ocrx_word' id='word_1_228' title='bbox 1044 2556 1084 2615; x_wconf 89' lang='lat' dir='ltr'><strong>ad</strong></span> 
     </span>
     <span class='ocr_line' id='line_1_29' title="bbox 93 2645 1086 2722; baseline 0 -18"><span class='ocrx_word' id='word_1_229' title='bbox 93 2655 206 2704; x_wconf 89' lang='lat' dir='ltr'><strong>certum</strong></span> <span class='ocrx_word' id='word_1_230' title='bbox 228 2645 347 2704; x_wconf 92' lang='lat' dir='ltr'><strong>essendi</strong></span> <span class='ocrx_word' id='word_1_231' title='bbox 367 2645 489 2704; x_wconf 91' lang='lat' dir='ltr'><strong>modum</strong></span> <span class='ocrx_word' id='word_1_232' title='bbox 510 2645 697 2704; x_wconf 89' lang='lat' dir='ltr'><strong>determinat.</strong></span> <span class='ocrx_word' id='word_1_233' title='bbox 739 2646 863 2705; x_wconf 90' lang='lat' dir='ltr'><strong>Unde</strong></span> <span class='ocrx_word' id='word_1_234' title='bbox 854 2663 953 2721; x_wconf 79' lang='lat' dir='ltr'><strong>ipsum</strong></span> <span class='ocrx_word' id='word_1_235' title='bbox 973 2664 1086 2722; x_wconf 89' lang='lat' dir='ltr'><strong>corpus</strong></span> 
     </span>
     <span class='ocr_line' id='line_1_30' title="bbox 93 2735 1085 2810; baseline 0.002 -17"><span class='ocrx_word' id='word_1_236' title='bbox 93 2737 241 2810; x_wconf 87' lang='lat' dir='ltr'><strong>complete</strong></span> <span class='ocrx_word' id='word_1_237' title='bbox 262 2736 322 2802; x_wconf 87' lang='lat' dir='ltr'><strong>iam</strong></span> <span class='ocrx_word' id='word_1_238' title='bbox 336 2736 535 2806; x_wconf 88' lang='lat' dir='ltr'><strong>constitutum,</strong></span> <span class='ocrx_word' id='word_1_239' title='bbox 558 2744 629 2810; x_wconf 91' lang='lat' dir='ltr'><strong>puta</strong></span> <span class='ocrx_word' id='word_1_240' title='bbox 643 2736 764 2810; x_wconf 85' lang='lat' dir='ltr'><strong>lignum,</strong></span> <span class='ocrx_word' id='word_1_241' title='bbox 787 2735 943 2794; x_wconf 89' lang='lat' dir='ltr'><strong>materiam</strong></span> <span class='ocrx_word' id='word_1_242' title='bbox 963 2747 1085 2808; x_wconf 87' lang='lat' dir='ltr'><strong>vocant,</strong></span> 
     </span>
     <span class='ocr_line' id='line_1_31' title="bbox 94 2821 1159 2901; baseline -0.001 -19"><span class='ocrx_word' id='word_1_243' title='bbox 94 2834 238 2899; x_wconf 89' lang='lat' dir='ltr'><strong>quatenus</strong></span> <span class='ocrx_word' id='word_1_244' title='bbox 252 2835 296 2883; x_wconf 89' lang='lat' dir='ltr'><strong>est</strong></span> <span class='ocrx_word' id='word_1_245' title='bbox 308 2823 569 2883; x_wconf 89' lang='lat' dir='ltr'><strong>indeterminatum</strong></span> <span class='ocrx_word' id='word_1_246' title='bbox 585 2823 658 2900; x_wconf 92' lang='lat' dir='ltr'><strong>quid</strong></span> <span class='ocrx_word' id='word_1_247' title='bbox 671 2835 702 2883; x_wconf 90' lang='lat' dir='ltr'><strong>et</strong></span> <span class='ocrx_word' id='word_1_248' title='bbox 722 2825 902 2901; x_wconf 85' lang='lat' dir='ltr'><strong>inpotentia</strong></span> <span class='ocrx_word' id='word_1_249' title='bbox 915 2824 1085 2900; x_wconf 88' lang='lat' dir='ltr'><strong>recipiendi</strong></span> <span class='ocrx_word' id='word_1_250' title='bbox 1158 2821 1159 2826; x_wconf 71' lang='grc'>’</span> 
     </span>
     <span class='ocr_line' id='line_1_32' title="bbox 86 2912 1084 2989; baseline 0.003 -19"><span class='ocrx_word' id='word_1_251' title='bbox 86 2912 205 2986; x_wconf 85' lang='lat' dir='ltr'><strong>formas</strong></span> <span class='ocrx_word' id='word_1_252' title='bbox 219 2915 318 2988; x_wconf 91' lang='lat' dir='ltr'><strong>plures</strong></span> <span class='ocrx_word' id='word_1_253' title='bbox 332 2914 520 2982; x_wconf 79' lang='lat' dir='ltr'><strong>aco&#39;rlentalcs,</strong></span> <span class='ocrx_word' id='word_1_254' title='bbox 536 2924 615 2989; x_wconf 89' lang='lat' dir='ltr'><strong>puta,</strong></span> <span class='ocrx_word' id='word_1_255' title='bbox 630 2915 758 2972; x_wconf 87' lang='lat' dir='ltr'><strong>formam</strong></span> <span class='ocrx_word' id='word_1_256' title='bbox 770 2915 887 2972; x_wconf 87' lang='lat' dir='ltr'><strong>tabulae</strong></span> <span class='ocrx_word' id='word_1_257' title='bbox 897 2915 946 2972; x_wconf 86' lang='lat' dir='ltr'><strong>vel</strong></span> <span class='ocrx_word' id='word_1_258' title='bbox 959 2923 1084 2973; x_wconf 75' lang='lat' dir='ltr'><strong>staturae.</strong></span> 
     </span>
     <span class='ocr_line' id='line_1_33' title="bbox 92 3002 1159 3088; baseline 0.004 -30"><span class='ocrx_word' id='word_1_259' title='bbox 92 3004 189 3058; x_wconf 90' lang='lat' dir='ltr'><strong>Immo</strong></span> <span class='ocrx_word' id='word_1_260' title='bbox 222 3003 277 3060; x_wconf 92' lang='lat' dir='ltr'><strong>hos</strong></span> <span class='ocrx_word' id='word_1_261' title='bbox 307 3002 448 3060; x_wconf 88' lang='lat' dir='ltr'><strong>materiae</strong></span> <span class='ocrx_word' id='word_1_262' title='bbox 478 3013 509 3060; x_wconf 90' lang='lat' dir='ltr'><strong>et</strong></span> <span class='ocrx_word' id='word_1_263' title='bbox 538 3002 652 3061; x_wconf 84' lang='lat' dir='ltr'><strong>formae</strong></span> <span class='ocrx_word' id='word_1_264' title='bbox 682 3002 840 3075; x_wconf 80' lang='lat' dir='ltr'><strong>terminos,</strong></span> <span class='ocrx_word' id='word_1_265' title='bbox 876 3002 927 3077; x_wconf 91' lang='lat' dir='ltr'><strong>qui</strong></span> <span class='ocrx_word' id='word_1_266' title='bbox 961 3003 1086 3079; x_wconf 89' lang='lat' dir='ltr'><strong>proprie</strong></span> <span class='ocrx_word' id='word_1_267' title='bbox 1158 3007 1159 3088; x_wconf 70' lang='grc'><strong>1</strong></span> 
     </span>
     <span class='ocr_line' id='line_1_34' title="bbox 92 3086 1159 3268; baseline 0.009 -127"><span class='ocrx_word' id='word_1_268' title='bbox 92 3086 228 3142; x_wconf 87' lang='lat' dir='ltr'><strong>entitates</strong></span> <span class='ocrx_word' id='word_1_269' title='bbox 248 3088 312 3144; x_wconf 87' lang='lat' dir='ltr'><strong>illas</strong></span> <span class='ocrx_word' id='word_1_270' title='bbox 334 3090 505 3196; x_wconf 85' lang='lat' dir='ltr'><strong>corporales</strong></span> <span class='ocrx_word' id='word_1_271' title='bbox 526 3089 710 3188; x_wconf 86' lang='lat' dir='ltr'><strong>significant,</strong></span> <span class='ocrx_word' id='word_1_272' title='bbox 724 3109 787 3149; x_wconf 91' lang='lat' dir='ltr'><strong>non</strong></span> <span class='ocrx_word' id='word_1_273' title='bbox 805 3110 873 3150; x_wconf 89' lang='lat' dir='ltr'><strong>raro</strong></span> <span class='ocrx_word' id='word_1_274' title='bbox 888 3101 978 3150; x_wconf 85' lang='lat' dir='ltr'><strong>sensu</strong></span> <span class='ocrx_word' id='word_1_275' title='bbox 992 3103 1087 3150; x_wconf 82' lang='lat' dir='ltr'><strong>meta·</strong></span> <span class='ocrx_word' id='word_1_276' title='bbox 1086 3127 1159 3268; x_wconf 30' lang='lat' dir='ltr'><strong>p</strong></span> 
     </span>
    </p>

    <p class='ocr_par' dir='ltr' id='par_1_7' title="bbox 1158 3289 1159 3324">
     <span class='ocr_line' id='line_1_35' title="bbox 1158 3289 1159 3324; baseline 0 0"><span class='ocrx_word' id='word_1_277' title='bbox 1158 3289 1159 3324; x_wconf 88' lang='grc'><strong>1</strong></span> 
     </span>
    </p>
   </div>
   <div class='ocr_carea' id='block_1_4' title="bbox 153 3251 602 3324">
    <p class='ocr_par' dir='ltr' id='par_1_8' title="bbox 153 3251 602 3324">
     <span class='ocr_line' id='line_1_36' title="bbox 153 3251 602 3324; baseline 0.029 -28"><span class='ocrx_word' id='word_1_278' title='bbox 153 3251 220 3299; x_wconf 74' lang='lat' dir='ltr'><strong>&#39;ct</strong></span> <span class='ocrx_word' id='word_1_279' title='bbox 240 3270 358 3318; x_wconf 90' lang='lat' dir='ltr'><strong>supraq</strong></span> <span class='ocrx_word' id='word_1_280' title='bbox 380 3272 439 3306; x_wconf 86' lang='lat'><strong>221</strong></span> <span class='ocrx_word' id='word_1_281' title='bbox 461 3273 521 3309; x_wconf 92' lang='grc'><strong>222.</strong></span> <span class='ocrx_word' id='word_1_282' title='bbox 542 3275 602 3324; x_wconf 85' lang='lat'><strong>223</strong></span> 
     </span>
    </p>
   </div>
   <div class='ocr_carea' id='block_1_5' title="bbox 0 0 1180 3700">
    <p class='ocr_par' dir='ltr' id='par_1_9' title="bbox 0 0 1180 3700">
     <span class='ocr_line' id='line_1_37' title="bbox 0 0 1180 3700; baseline 0 0"><span class='ocrx_word' id='word_1_283' title='bbox 0 0 1180 3700; x_wconf 95' lang='lat' dir='ltr'><strong> </strong></span> 
     </span>
    </p>
   </div>
  </div>
 </body>
</html>
