2350 3700
300 182 388 219 NOTIO
407 182 567 221 RATIOCINII
587 182 759 221 EVOLVITUR.

438 356 551 419 Lissa
574 370 623 419 111.

66 486 139 549 DE
166 487 343 550 TERTIA
366 486 536 552 MENTIS
560 488 854 553 OPERATIONE
877 488 980 553 SIVE

352 594 414 657 DE
438 592 717 659 RATIOCINIO.

455 766 564 825 Caru‘r
586 784 605 824 1.

105 897 244 956 NOTIO
267 898 502 961 RATIOCINII
523 898 708 971 EIUSQUE
729 898 841 957 SIGNI
863 900 954 957 SIVE

323 995 742 1055 ARGUMENTATIONIS.

433 1121 600 1169 Anrrcuaus
620 1132 638 1171 1.

254 1226 366 1275 NOT10
385 1227 584 1277 RATIOCINII
603 1226 815 1278 EVOLVITUR.

97 1342 120 1399 l.
145 1343 236 1400 Mens
256 1342 402 1414 humana,
426 1361 494 1400 cum
515 1343 591 1402 duas
611 1342 694 1403 ideas
716 1342 792 1401 inter
813 1361 843 1401 se
865 1352 1028 1419 comparat,

38 1449 96 1487 non
119 1450 190 1488 raro
209 1448 313 1488 nexum
333 1432 449 1505 logicum
462 1432 484 1501 ¹,
505 1431 575 1489 licet
596 1449 701 1490 revera
721 1433 848 1503 exsistat,
871 1432 1027 1489 immediate

39 1538 98 1576 non
120 1519 244 1595 detegit
280 1522 367 1578 Tunc
387 1520 505 1579 tertiam
520 1520 641 1579 assumit
655 1521 762 1593 ideam,
785 1540 853 1579 curn
868 1539 928 1596 qua
942 1520 1027 1577 binas

39 1610 101 1666 illas
116 1608 201 1667 ideas
212 1620 375 1685 comparat.
400 1611 447 1667 Ex
462 1611 687 1686 comparatione
701 1630 773 1670 vero
787 1611 838 1669 illa
852 1610 1027 1685 contingere

38 1707 153 1772 potest,
180 1709 212 1755 ut
231 1699 308 1757 inter
327 1699 423 1757 varias
445 1717 518 1773 quas
540 1700 739 1776 deprehendit
759 1700 918 1759 relationes
939 1718 1028 1776 quae-

38 1788 110 1844 dam
125 1785 323 1860 inveniantur,
343 1788 374 1845 in
389 1788 496 1864 quibus
511 1807 620 1848 nexum
635 1789 715 1847 illum
730 1788 789 1847 iam
803 1792 882 1848 clare
897 1789 1026 1865 detegat,

39 1878 80 1934 ita
108 1888 140 1934 ut
161 1879 257 1953 ipsum
279 1878 433 1937 enuntiare
453 1879 555 1953 possit.
599 1878 663 1950 Sic,
692 1878 716 1936 si
737 1880 866 1938 animam
891 1897 955 1938 esse
976 1879 1027 1936 im·

40 1967 196 2024 mortalem
210 1985 274 2024 non
288 1966 467 2038 immediate,
490 1986 527 2026 ex
548 1967 773 2043 comparatione
787 1968 904 2027 animae
927 1979 956 2027 et
977 1968 1027 2025 irn-

41 2055 241 2125 mortalitatis,
262 2055 420 2131 perspicit,
449 2057 502 2115 has
530 2057 604 2115 duas
632 2055 714 2114 ideas
735 2076 802 2114 curn
823 2057 1027 2133 spiritualitate

43 2155 194 2220 comparat
215 2145 258 2204 sic
278 2145 516 2221 progrediendo:
546 2144 703 2220 Quidquid
724 2156 768 2204 est
787 2146 952 2221 spirituale,
982 2157 1026 2205 est

44 2234 215 2292 immortale.
258 2234 351 2309 Atqui
378 2235 478 2292 anima
505 2235 635 2292 humana
662 2245 707 2293 est
734 2234 898 2310 spiritualis.
945 2238 1026 2311 Ergo

46 2325 142 2380 anima
161 2323 291 2380 humana
312 2333 356 2382 est
375 2324 557 2382 immortalis

103 2413 188 2470 Haec
209 2411 296 2470 tertia
316 2414 424 2471 mentis
445 2412 580 2488 operatio
602 2413 710 2471 dicitur
733 2415 920 2483 ratiocinium,
944 2415 1026 2489 quod

49 2502 168 2576 proinde
188 2499 306 2560 definiri
325 2512 437 2578 potest:
459 2510 536 2560 octus
550 2504 659 2571 montis,
680 2521 735 2577 quo
755 2503 877 2560 duorum
898 2504 1026 2561 idearum

51 2592 230 2649 convenientia
250 2592 298 2649 vel
314 2593 521 2668 repugnantia,
549 2609 585 2648 cx
607 2593 791 2667 proportione
817 2611 902 2667 quam
925 2593 1029 2649 liabent

52 2698 106 2736 com
125 2699 180 2736 urio
193 2682 279 2737 tortio
299 2683 418 2750 notione,
440 2681 576 2755 infertur.

106 2770 139 2825 ln
158 2767 314 2827 ratiocinio
335 2769 471 2844 proinde,
494 2769 568 2828 sicut
589 2770 620 2826 in
641 2769 761 2842 iudicio,
784 2770 969 2828 admittenda
982 2781 1027 2828 est

55 2857 190 2932 quaedam
204 2857 338 2916 idearum
352 2859 547 2934 comparatio
583 2859 644 2918 Sed
665 2859 696 2917 in
711 2859 820 2917 iudicio
842 2859 919 2916 duae
940 2860 1025 2916 ideae

55 2955 252 3022 comparantur
273 2947 349 3005 inter
369 2966 410 3019 se,
433 2966 500 3006 curn
522 2947 553 3006 in
571 2947 728 3007 ratiocinio
748 2948 824 3006 duae
840 2948 925 3006 ideae
947 2967 1026 3005 corn-

54 3047 182 3111 parentur
202 3055 262 3093 cum
282 3037 345 3094 ideo
365 3039 458 3094 tertia.
501 3039 536 3094 ln
558 3036 668 3095 iudicio
696 3037 880 3113 comparatio
902 3036 1024 3094 duarum

55 3125 175 3183 idearum
202 3127 251 3196 fit,
279 3135 311 3183 ut
337 3143 422 3185 mens
452 3124 623 3201 perspicere
654 3136 684 3184 et
713 3125 906 3201 pronuntiare
934 3124 1026 3199 possit

57 3215 167 3272 alteram
192 3214 223 3272 in
248 3214 366 3273 alterius
387 3214 560 3273 extensione
587 3215 634 3272 vel
664 3213 933 3287 comprehensione
957 3231 1026 3267 con·

115 3372 121 3402 ¹
138 3374 214 3422 Huius
233 3374 304 3424 vocis
323 3374 437 3422 definitio
455 3372 591 3421 recolenda
611 3379 648 3418 est
667 3386 698 3416 ex
717 3369 791 3416 dictis
810 3383 885 3429 snpra
902 3383 927 3427 p.
949 3376 991 3425 35.

109 3441 288 3516 Reinstadler,
305 3467 373 3507 Elem.
390 3467 469 3516 philos.
487 3463 555 3503 schol.
854 3462 866 3512 5
