2350 3700
460 122 499 157 on
517 120 652 158 nnrroun.
1000 122 1045 174 151

69 280 109 326 est
137 268 167 325 in
188 269 368 345 praemissis,
399 288 467 327 cum
489 269 527 327 de
554 268 640 327 huius
661 269 834 329 universalis
862 270 1050 331 inferioribus

71 352 206 432 (partibus
220 353 334 433 logicis)
357 358 495 433 explicite
510 357 624 416 dictum
645 369 698 430 est,
720 369 750 417 et
769 370 841 419 tunc
862 360 1050 419 ratiocinium

69 446 169 503 dicitur
190 446 373 505 inductivum
401 448 450 505 vel
470 448 600 505 inductio.
643 449 677 505 E.
699 464 745 523 g.:
777 450 912 520 «Petrus,
934 450 1049 520 Paulus,

68 538 198 604 loannes,
220 536 380 612 Philippus,
404 536 496 595 ceteri
510 536 646 595 homines
662 536 776 611 singuli,
799 549 867 596 sunt
880 538 1048 597 rationales.

67 624 152 699 Atqui
159 626 270 697 Petrus,
279 626 395 697 Paulus,
405 628 543 695 Ioannes,
552 625 714 701 Philippus,
726 626 818 684 ceteri
825 626 970 698 homines,
982 638 1050 685 sunt

68 733 165 773 omnes
186 715 331 773 homines.
375 716 457 790 Ergo
479 733 585 773 omnes
606 714 743 773 homines
771 725 839 773 sunt
858 715 1046 775 rationales»

120 806 154 861 In
174 804 350 863 inductione
371 802 499 879 proinde
520 803 636 862 medius
657 804 815 876 terminus,
844 815 912 863 sunt
933 805 1048 881 singula

65 893 214 964 inferiora,
244 904 274 951 et
294 894 394 951 minor
414 891 556 952 terminus
578 903 622 950 est
642 892 826 964 universale,
858 912 926 952 cum
946 894 979 952 in
999 894 1049 953 de·

64 982 197 1041 ductione
226 983 392 1057 generatim
420 981 535 1040 medius
565 982 707 1039 terminus
738 981 774 1041 sit
803 982 986 1054 universale,
1019 993 1049 1042 et

64 1072 169 1142 minor,
201 1089 295 1129 unum
319 1073 367 1129 vel
395 1072 481 1147 plura
502 1090 539 1131 ex
560 1070 622 1129 eius
643 1070 841 1130 inferioribus.
863 1103 903 1110 —
925 1072 985 1130 Sed
1007 1073 1049 1129 in·

29 1208 31 1217 .
66 1162 159 1219 ductio
195 1162 308 1237 duplex
337 1160 541 1236 distinguitur,
577 1159 735 1219 nimirum:
771 1162 921 1236 completa
949 1173 979 1219 et
1009 1162 1050 1219 in·

68 1251 220 1327 completa.

28 1364 29 1367 ¹
122 1340 270 1416 Camplcla
297 1340 430 1398 inductio
458 1348 502 1397 est
523 1342 747 1412 argumentatio,
778 1359 836 1414 qua
865 1340 1050 1397 concludimus

67 1432 219 1487 summatim
234 1430 268 1487 de
281 1436 338 1486 tata
352 1429 512 1486 uniuersali
522 1429 560 1499 id,
575 1429 655 1503 quad
662 1429 697 1485 cle
716 1438 850 1487 omnibus
862 1428 1050 1503 inferioribus

67 1521 117 1575 eius
135 1519 305 1593 singillatim
325 1518 493 1593 experienda
514 1519 697 1591 cognovimus.
740 1518 921 1577 Huiusmodi
948 1518 1050 1576 induc·

66 1608 144 1666 tionis
174 1610 262 1666 valor
291 1607 446 1666 evidenter
475 1616 616 1682 apparet:
647 1606 745 1682 potius
775 1606 855 1665 enim
885 1618 930 1665 est
958 1608 1049 1665 illatio

68 1697 247 1769 immediata,
277 1715 367 1772 quam
395 1696 516 1772 proprie
547 1696 660 1754 dictum
690 1697 886 1755 ratiocinium.
934 1696 1050 1756 Nullius

67 1786 185 1862 proinde
208 1798 254 1845 est
273 1785 418 1845 momenti
439 1785 469 1843 in
490 1786 578 1844 rebus
599 1786 744 1862 scientifice
763 1786 991 1862 cognoscendis.

121 1877 294 1953 Incmnplcta
314 1876 449 1934 inductio
470 1886 514 1934 est
534 1878 759 1948 arguuuntatza,
787 1895 845 1951 qua
865 1877 1050 1933 concludimus

68 1967 96 2022 dc
120 1974 175 2025 tato
196 1967 357 2024 untacrsali
379 1965 425 2034 id,
454 1965 581 2040 quotide
608 1974 750 2036 aliquibus
776 1964 963 2039 inferioribus
992 1967 1050 2022 cius

69 2055 272 2129 affirmandum
299 2056 347 2114 nel
371 2055 528 2128 nugantium
556 2072 613 2112 csse
639 2055 821 2128 cognovimus.
871 2056 939 2112 Hac
968 2073 1050 2130 argu·

69 2145 216 2204 mentandi
243 2145 360 2204 ratione
380 2145 469 2202 utitur
490 2162 515 2202 e.
538 2162 565 2219 g.
588 2145 653 2212 ille,
682 2142 749 2218 qui,
778 2143 987 2202 observatione
1008 2145 1050 2202 in·

67 2235 165 2307 stituta,
188 2254 257 2293 curn
279 2244 416 2309 expertus
437 2243 482 2292 est
501 2234 560 2292 hoc
581 2251 699 2307 corpus,
721 2232 793 2290 illud
815 2251 940 2308 corpus,
969 2233 1049 2292 aliud

68 2342 184 2399 corpus,
222 2324 323 2382 omnia
351 2341 480 2398 corpora
507 2323 678 2392 observata,
709 2322 766 2380 sibi
795 2321 865 2397 ipsis
895 2322 1047 2394 derelicta,

68 2423 195 2471 centrum
216 2424 314 2471 terrae
335 2412 471 2488 petiisse,
501 2412 653 2470 concludit
673 2412 769 2468 omnia
788 2413 901 2468 omnmo
922 2430 1050 2487 corpora

69 2496 229 2575 (observata
264 2513 293 2561 et
326 2521 389 2560 non
424 2497 592 2574 observata)
627 2499 733 2559 iisdem
762 2499 793 2557 in
824 2501 1050 2560 circumstantiis

69 2602 195 2651 centrum
217 2602 313 2650 terrae
335 2601 447 2666 petere.

122 2683 167 2740 De
198 2681 257 2738 hac
281 2697 353 2739 vero
381 2679 563 2754 incompleta
590 2678 780 2750 inductione,
809 2698 877 2737 cum
905 2681 1049 2755 speciales

69 2769 214 2845 implicare
236 2769 329 2846 possit
350 2770 545 2840 difficultates,
569 2769 725 2844 speciatim
745 2768 805 2826 iam
820 2779 864 2826 est
878 2769 1047 2827 dicendum.

141 2927 159 2995 ξ
179 2945 202 2980 2.
236 2933 279 2980 De
299 2932 394 2980 valore
413 2930 585 2980 inductionis
604 2929 793 2993 incompletae
812 2929 968 2992 speciatim.

123 3045 259 3104 Inductio
280 3045 461 3120 incompleta
479 3062 587 3126 revera
606 3045 680 3102 nihil
704 3045 784 3103 aliud
813 3054 858 3102 est
885 3043 941 3103 nisi
970 3064 1050 3103 com·

70 3134 162 3206 plexio
192 3135 343 3210 quaedam
373 3135 625 3210 syllogismorum,
661 3132 951 3208 argumentationem
979 3153 1049 3192 con·

70 3223 183 3283 stituens
204 3244 222 3282 a
242 3224 401 3282 deductione
421 3224 541 3282 realiter
561 3240 624 3279 non
645 3222 823 3280 distinctam.
866 3221 995 3291 Etenim,
1018 3231 1049 3278 ut

73 3315 200 3389 exemplo
229 3323 359 3384 utamur,
388 3314 426 3371 de
456 3330 517 3386 quo
545 3329 634 3385 supra
661 3311 721 3368 iam
748 3307 889 3378 diximus,
918 3309 967 3365 ille
989 3308 1048 3379 qui,
