2350 3700
690 162 935 199 ENTITAS
975 162 1159 199 SPATII
1201 161 1602 198 DECLARATUR.
2033 163 2132 211 333

931 325 1264 373 Aa‘mcuws
1304 336 1364 372 11.

596 438 899 487 ENTITAS
939 438 1163 487 SPATII
1201 437 1696 487 DECLARATUR.

278 562 321 619 I.
368 572 569 634 Quoad
607 572 852 634 spatium
888 572 1052 620 reale.
1116 583 1165 620 1.
1198 561 1398 619 Primo
1429 560 1672 635 quidem
1703 559 2136 619 admittendum

166 660 247 707 est
286 650 541 725 spatium
583 650 744 723 illud,
790 650 953 726 quod
990 668 1277 710 vocamus
1304 651 1483 721 reale,
1528 668 1736 708 revera
1762 667 1891 707 esee
1919 651 2148 723 empirici?

165 740 340 808 reale,
403 758 605 815 neque
661 759 789 800 esse
830 740 1099 816 formam
1151 741 1440 815 quandam
1495 759 1533 798 a
1574 742 1775 815 priori
1827 739 2007 795 menti
2056 739 2136 795 in-

165 838 374 901 natam,
407 830 517 887 sub
549 848 667 904 qua
694 830 1116 905 phaenomena
1144 829 1412 889 sensibus
1441 828 1696 887 externis
1715 827 2136 903 percipiantur.

165 919 331 976 Haec
374 919 537 977 enim
580 938 616 976 a
644 919 869 977 Kantio
898 919 1234 995 excogitata
1261 918 1555 977 sententia
1594 936 1729 976 cum
1767 919 1947 991 gratis
1991 935 2140 975 aeae-

162 1017 344 1079 ratur‚
390 1009 574 1083 gratis
613 1020 892 1083 negatur,
936 1026 1052 1067 nec
1093 1009 1214 1067 ullo
1255 1008 1440 1066 modo
1483 1007 1779 1065 infirmare
1827 1019 2015 1083 petest
2060 1007 2136 1063 itt-

163 1096 399 1168 dicium,
447 1116 594 1173 qu0,
638 1110 847 1157 natura
888 1098 1072 1169 duce,
1119 1097 1373 1174 spatium
1416 1114 1544 1155 esse
1587 1095 1807 1171 aliquid
1855 1095 2140 1151 exsistet-te

161 1185 216 1242 in
273 1205 338 1245 se
398 1206 435 1243 a
488 1187 881 1263 perceptione
938 1186 1122 1245 animi
1163 1204 1290 1244 non
1331 1186 1633 1261 pendenS,
1692 1187 1999 1244 evidenter
2039 1183 2139 1243 ati-v

160 1275 443 1334 mittimus
473 1278 505 1335 ¹.

281 1385 334 1424 2.
394 1366 610 1440 Neque
665 1376 866 1425 tamen
928 1365 991 1423 in
1051 1365 1264 1425 ordine
1324 1364 1568 1423 realium
1630 1367 1819 1440 spatie·
1891 1363 2136 1419 nimium

156 1454 542 1513 tribuendum
586 1467 689 1514 est.
746 1455 1045 1531 Imprimis
1088 1474 1233 1513 vero
1275 1453 1674 1529 improbanda
1717 1467 1803 1511 est
1847 1455 2140 1511 sententia

157 1544 491 1614 Newtom'z',
548 1544 651 1619 qui
692 1545 945 1621 spatium
986 1546 1408 1602 immensitatem
1449 1544 1575 1600 Dei
1625 1561 1754 1601 esse
1811 1555 1987 1599 eente
1995 1543 2136 1599 neit.

163 1635 424 1705 «Deus»,
470 1633 677 1709 inquit,
716 1646 839 1693 «est
866 1645 1141 1693 aeternus
1171 1644 1232 1692 et
1259 1632 1518 1692 infinitus
1546 1650 1656 1707 per
1685 1631 1999 1691 essentiam
2035 1679 2043 1687 .
2080 1679 2092 1687 .
2128 1679 2140 1687 .

158 1722 333 1780 durat
374 1740 614 1798 semper
654 1733 711 1782 et
754 1734 842 1781 est
882 1724 1121 1798 ubique,
1168 1732 1228 1781 et
1269 1721 1606 1781 exsistendo
1649 1739 1883 1795 semper
1927 1731 1983 1779 et
2023 1723 2140 1775 ulii-

159 1829 276 1886 que
318 1812 675 1870 durationem
718 1822 777 1872 et
816 1815 1060 1889 spatium
1103 1811 1457 1871 constituit.»

278 1902 408 1958 Iam
450 1919 596 1959 vero
638 1901 891 1977 spatium
934 1919 1063 1961 esse
1121 1900 1579 1960 immensitatem
1621 1900 1767 1972 Dei,
1827 1900 2142 1976 desilit-iter

158 1989 428 2064 intellegi
471 2000 682 2065 potest.
767 1991 967 2049 Primo
1010 1990 1254 2066 quidem
1298 2009 1372 2049 eo
1415 2008 1620 2062 sensu,
1666 2000 1728 2047 ut
1771 1992 2140 2064 intellegatur

161 2079 625 2137 immensitatem
653 2079 769 2138 Dei
811 2079 1003 2154 spatio
1044 2081 1362 2154 segmflcari
1397 2097 1592 2155 posse,
1639 2092 1927 2153 quatenus
1967 2096 2140 2152 quae*

162 2185 423 2242 cumque
453 2168 642 2242 spatia
671 2168 983 2244 imaginari
1011 2178 1275 2243 possunt,
1314 2178 1478 2226 tanta
1507 2186 1744 2242 semper
1775 2168 2140 2224 admittentia

161 2257 236 2315 sit
276 2257 644 2316 immensitas
673 2257 807 2328 Dei,
853 2268 915 2315 ut
955 2257 1095 2333 ipsis
1138 2258 1250 2315 illis
1292 2256 1494 2332 spatiis
1537 2250 1791 2315 essentia
1835 2268 1891 2312 et
1931 2256 2140 2312 virtute

162 2365 270 2404 sua
312 2346 523 2405 adesse
565 2357 951 2423 supponatur.
1034 2349 1115 2405 Et
1154 2345 1276 2404 hoc
1317 2364 1493 2404 sensu
1535 2363 1676 2403 vera
1718 2356 1803 2404 est
1847 2344 2140 2404 Nem-onii

162 2436 493 2508 sententia3
537 2435 682 2493 nihil
724 2436 885 2494 enim
928 2435 1115 2510 magis
1148 2445 1352 2510 aptum
1385 2444 1472 2494 est
1501 2435 1578 2492 ad
1606 2434 1867 2492 divinam
1899 2436 2140 2492 innuen-

163 2524 398 2582 sitatem
443 2525 1040 2600 repraesentandam,
1100 2543 1282 2599 quam
1323 2524 1524 2581 animo
1569 2523 1919 2599 concipere,
1967 2540 2140 2596 pesae

165 2613 283 2672 Dei
324 2614 601 2672 virtutem
642 2615 833 2689 spatia
873 2613 1222 2689 imaginaria
1264 2614 1390 2672 sine
1433 2614 1550 2671 fine
1595 2612 1823 2680 diffusa,
1867 2612 1995 2668 eine
2027 2612 2140 2668 fine

162 2702 435 2778 implere.
522 2704 800 2762 Secundo
856 2713 1052 2761 autem
1107 2701 1372 2777 intellegi
1431 2711 1626 2776 potest
1685 2700 2140 2760 immensitatem

165 2791 283 2850 Dei
340 2809 471 2850 esse
527 2793 781 2868 spatium
837 2810 910 2850 eo
966 2809 1172 2863 sensu,
1235 2801 1298 2849 ut
1341 2790 1681 2848 admittatur
1723 2792 1975 2865 spatii-im
2015 2808 2140 2848 nun

164 2880 535 2956 significare,
580 2882 686 2940 sed
729 2900 840 2938 esse
879 2881 1073 2955 ipsam
1113 2879 1572 2937 immensitatem
1615 2879 1758 2950 Dei,
1803 2880 2140 2936 attributum

166 2971 399 3029 scilicet
440 2971 747 3046 quoddam
790 2970 924 3028 Dei.
1009 2970 1148 3041 Quo
1211 2988 1387 3027 sensu
1448 2986 1686 3044 prorsus
1746 2968 2144 3044 itnprel·]anda

168 3070 258 3118 est
286 3059 585 3117 Newtonii
628 3059 934 3117 sententia.
995 3057 1262 3132 Spatium
1301 3057 1478 3129 enim,
1517 3057 1680 3132 quod
1709 3060 1879 3116 nciliis
1911 3076 2144 3132 repnte⁹

168 3159 487 3220 sentamUS‚
532 3147 901 3224 concipimus
942 3156 1005 3204 ut
1042 3146 1268 3222 aliquid
1297 3145 1524 3204 finitum
1554 3156 1831 3204 constans
1863 3148 2140 3220 partium?

296 3342 313 3372 ¹
353 3343 430 3390 Cf.
471 3359 623 3407 supra
657 3359 707 3406 p.
752 3352 849 3405 325
892 3351 942 3389 et
982 3343 1098 3404 326.
