2350 3700
421 132 459 167 nn
478 130 680 168 cousernnrm.
996 126 1045 179 135

65 277 190 354 cipimus,
213 280 307 338 immo
328 296 433 339 omnes
454 279 630 338 affectiones
648 287 764 337 nostras
777 277 910 336 internas
923 283 957 334 nt
962 286 1047 353 prae·

64 376 145 425 sentes
164 376 192 425 et
210 377 327 427 nostres
347 368 467 427 anobis
481 367 678 446 apprehendi.
708 367 758 426 Sic
771 367 861 426 etiam
875 383 937 424 non
952 368 1048 425 solum

64 451 275 532 intellegimus,
306 458 360 517 sed
380 457 469 517 etiam
491 459 676 531 intellegimus
696 476 747 515 nes
766 456 813 514 ltic
831 463 859 513 et
877 474 951 514 nunc
970 456 1047 513 intel·

63 548 152 619 legere.
195 548 349 618 FacultaS,
373 566 432 623 qua
452 547 522 605 talia
543 546 733 624 percipimus,
756 545 863 605 dicitur
884 546 1048 603 emacientia

58 636 245 711 psychelegz'ca
273 648 303 696 et
327 638 484 709 generatim
512 636 668 695 definitur:
690 635 838 710 facultas,
866 653 924 709 qna
950 642 1047 710 epera-

63 727 142 782 tienes
161 732 191 781 et
209 726 375 799 affectiones
394 734 508 783 nostras
528 727 658 783 internas
677 732 711 782 ut
716 732 882 801 praesentes
893 714 924 780 ‘el
935 730 1049 781 etestras

62 815 301 889 apprehendimus.

116 905 238 980 Duplex
259 923 332 963 vero
353 903 555 979 distinguitur:

118 1013 143 1049 1.
172 993 371 1053 Conscientia
398 992 537 1052 sensitiva
557 994 606 1052 vel
632 1011 729 1051 sensus
755 994 888 1050 intimus:
916 992 1048 1062 facultas,

65 1100 116 1155 qua
129 1082 265 1141 sentiens
280 1077 413 1157 (animal)
428 1082 613 1141 sensationes
628 1100 694 1141 suas
709 1100 822 1152 ornnes,
838 1080 930 1139 immo
945 1098 1050 1139 omnes

24 1200 28 1229 t
64 1172 233 1231 affectiones
255 1190 322 1231 suas
344 1171 466 1231 sensiles
488 1171 634 1243 internas,
666 1182 698 1230 ut
725 1180 897 1248 praesentes
925 1180 956 1228 et
982 1187 1049 1228 suas

66 1260 268 1335 apprehendit.

120 1369 145 1406 2.
162 1349 362 1409 Conscientia
374 1351 551 1419 intellectiva,
567 1368 644 1425 quae
659 1359 703 1408 est
717 1349 781 1426 ipse
790 1348 965 1420 intellectus,
982 1366 1050 1424 qua·

65 1448 140 1496 tenus
155 1438 352 1514 operationes
365 1458 432 1498 snas
445 1438 659 1498 intellectuales
669 1438 825 1513 cognoscit
838 1446 872 1496 ut
878 1444 1048 1514 praesentes.

23 1522 24 1525 ’
118 1528 165 1585 De
186 1528 247 1587 hac
269 1528 380 1604 duplici
401 1527 586 1587 conscientia
601 1528 795 1604 psyclelegicn
814 1528 865 1586 hic
885 1527 981 1603 agitur
994 1527 1011 1585 ¹.

128 1700 144 1768 ᾖ
164 1718 188 1755 2.
222 1707 351 1756 Reflexio
372 1706 445 1756 circa
463 1706 589 1756 valorem
608 1706 799 1756 conscientiae
818 1706 979 1756 instituitur.

120 1828 195 1887 Eins
216 1829 349 1888 ellectum
363 1831 515 1905 properem
529 1830 701 1888 declaratur.
720 1861 759 1868 -
774 1828 986 1889 Conscientiae
1001 1829 1052 1887 oie

69 1917 168 1976 lectum
190 1918 349 1995 proprium
370 1929 453 1977 sunt:

124 2026 147 2064 1.
170 2007 360 2067 Affectiones
380 2019 501 2067 nostrae
522 2008 668 2080 internae,
689 2019 721 2067 ut
735 2009 839 2083 faeta,
869 2026 932 2068 non
953 2018 1051 2067 autem

69 2102 168 2154 nelma
183 2115 289 2156 earum
302 2097 407 2155 intima
420 2098 468 2156 vel
482 2098 569 2172 erige.
596 2098 701 2157 Refert
715 2099 795 2158 enirn
810 2099 897 2157 nobis
911 2117 937 2157 e.
953 2118 981 2174 g.
996 2117 1053 2156 nos

68 2185 221 2259 intellegere
237 2181 379 2261 (factum),
399 2205 461 2244 non
476 2198 575 2245 autem
589 2186 688 2259 docet,
707 2188 801 2263 qualis
816 2187 853 2246 sit
866 2197 988 2246 naturae
1004 2186 1052 2245 ille

70 2283 143 2332 actus
158 2275 363 2351 intellegendi,
379 2286 475 2334 utrum
490 2276 604 2335 scilicet
618 2277 655 2335 sit
668 2276 825 2352 spiritualis
835 2295 874 2334 an
883 2274 1051 2335 materialis.

124 2384 148 2422 2.
171 2365 268 2424 Facta
289 2373 388 2424 tamen
410 2365 460 2424 illa
481 2384 543 2424 non
565 2365 597 2424 in
618 2366 783 2436 abstract0,
805 2365 858 2425 sed
879 2367 1053 2423 inconcreta

70 2452 242 2525 manifestat,
265 2453 283 2512 i.
299 2472 324 2512 e.
340 2471 402 2512 non
424 2455 519 2514 solum
541 2454 629 2513 nobis
649 2455 798 2513 renuntiat
818 2473 874 2513 nos
888 2454 1053 2530 generatim

22 2549 24 2558 ’
71 2540 157 2616 affici,
189 2543 243 2602 sed
266 2543 419 2619 quomodo
441 2543 605 2603 afficiamur
626 2545 771 2614 ostendit,
794 2555 890 2602 utrum
910 2545 1054 2602 videamus

72 2646 94 2687 e.
114 2650 149 2706 g.,
175 2651 215 2690 an
236 2633 401 2702 audiamus,
424 2644 520 2691 utrum
540 2635 664 2692 dolerem
685 2632 844 2692 sentiamus
865 2651 904 2690 an
926 2632 1053 2691 delecta·

71 2719 187 2793 tionem,
204 2731 260 2780 etc.
283 2721 493 2796 Differentmm
507 2722 635 2799 proinde
651 2722 727 2781 inter
737 2723 869 2781 diversas
879 2721 1053 2780 affectiones

72 2806 208 2882 declarat,
232 2821 368 2869 naturam
390 2829 492 2870 earum
514 2822 687 2870 concretam
708 2811 936 2870 manifestando.

128 3003 136 3035 ¹
155 3006 260 3055 Praeter
279 3006 458 3055 conscientiam
474 3008 669 3073 psyclelegr'cam
694 3007 853 3072 distinguunt
877 3005 1055 3056 conscientiam

74 3087 191 3145 neerelem,
212 3101 276 3150 quae
296 3093 334 3135 est
352 3087 495 3136 intellectus
513 3097 638 3152 quatenus
656 3087 803 3154 pronuntiat
821 3087 889 3136 circa
906 3087 1055 3136 convenien-

75 3163 126 3212 tiam
146 3164 187 3213 vel
207 3165 448 3215 disconvenientiam
467 3176 566 3217 actuum
586 3176 730 3216 nostrorum
749 3183 805 3216 curn
824 3168 881 3232 lege
900 3168 995 3228 morali,
1015 3166 1056 3215 vel

76 3242 121 3307 ipse
140 3252 211 3294 actus
230 3245 373 3295 intellectus
392 3247 424 3296 de
444 3247 483 3296 his
502 3247 695 3311 pronuntiantis.
716 3274 749 3282 —
769 3247 809 3297 De
829 3247 876 3295 hac
902 3246 1056 3296 conscientia

76 3325 203 3387 specialius
221 3341 304 3375 sermo
323 3327 371 3376 erit
390 3327 414 3375 in
434 3327 524 3377 ethica.
