2350 3700
414 168 452 205 nn
471 168 643 207 renarrans.
972 158 1022 219 287

22 313 72 370 SS.
88 314 254 373 Trinitatis
276 315 424 374 exsistunt.
467 318 515 375 De
538 335 597 391 qua
618 317 762 375 relatione
784 316 871 375 nobis
892 316 941 375 hic
962 334 1024 375 non

22 412 66 459 est
87 402 279 479 dicendum3
306 405 454 479 loquimur
476 406 556 465 enim
577 416 692 463 tantum
712 406 751 465 de
780 416 848 465 ente
870 416 957 482 prout
978 424 1025 465 ex·

24 490 98 549 sistit
112 493 167 551 vel
181 493 324 553 exsistere
337 505 436 570 potest
449 494 481 552 in
496 514 595 553 rerum
608 506 722 553 natura.
754 495 872 554 Relatio
887 495 1023 571 proinde,

24 581 61 638 de
83 600 151 657 qua
171 582 224 641 hic
242 601 341 641 sermo
355 593 407 654 est,
429 594 474 642 est
493 585 595 643 relatio
616 592 719 642 creata.
760 584 842 642 Talis
863 595 960 643 autem
981 602 1024 643 re·

24 670 95 727 latio
118 671 238 747 duplex
257 672 424 747 generatim
444 672 654 749 destinguitur:
686 673 808 732 rationis
830 684 859 733 et
879 673 974 732 realis

84 771 110 828 Ι.
134 771 262 830 Relatio
276 774 397 829 radonis
416 772 465 831 vel
486 772 576 845 logica
589 789 627 831 ea
641 781 693 843 est,
714 790 787 847 quae
801 772 907 848 pendet
925 792 944 829 a
965 790 1023 830 can·

24 859 203 917 sideratiane
223 862 331 930 mentis,
354 871 500 935 quatenus
519 861 568 919 vel
588 862 628 919 ab
648 860 713 937 ipsa
733 872 835 919 mente
856 862 975 937 ponitur
992 861 1022 919 in

25 948 115 1007 rebus
148 960 234 1008 extra
260 968 317 1009 nos
343 950 549 1009 exsistentibus
576 950 624 1009 vel
652 961 696 1009 est
722 959 836 1009 tanturn
863 950 895 1007 in
922 960 1023 1009 mente

25 1037 225 1113 inter'plures
239 1050 410 1115 conceptus.
439 1039 557 1098 Relatio
572 1058 599 1098 e.
615 1058 643 1115 g.
660 1057 737 1115 quae
759 1048 889 1098 amente
904 1039 1024 1116 ponitur

26 1126 103 1185 inter
134 1128 248 1185 olivam
276 1140 305 1187 et
332 1148 439 1205 pacem
466 1130 515 1187 vel
545 1128 650 1188 relatio
671 1128 851 1204 praedicati,
881 1139 1024 1204 quaeest

26 1216 104 1273 inter
140 1217 288 1276 «animal»
321 1228 351 1277 et
383 1219 508 1276 «homo»
541 1218 573 1277 in
602 1218 807 1295 propositione
841 1219 949 1276 «homo
980 1228 1023 1277 est

27 1305 174 1378 animal»,
196 1317 264 1365 sunt
283 1307 442 1366 relationes
462 1307 580 1383 logicae
592 1310 608 1366 ¹.

85 1407 128 1463 II.
146 1405 268 1463 Relatio
282 1407 369 1463 realis
389 1424 426 1464 ea
439 1416 491 1478 est,
515 1425 592 1481 quae
606 1406 718 1465 exsistit
736 1406 766 1463 in
788 1406 875 1464 rebus
895 1407 1022 1482 indepen-

28 1494 130 1551 denter
151 1514 173 1551 a
186 1496 404 1553 consideratiore
416 1497 526 1564 mentis,
548 1507 694 1571 quatenus
711 1513 774 1554 non
789 1495 883 1555 solum
904 1496 1023 1554 termini

28 1583 176 1641 exsistunt
202 1585 319 1642 realiter
339 1582 482 1655 distincti,
512 1584 676 1643 sedetiam
703 1584 929 1643 fundamentum
950 1586 1022 1643 rela-

27 1671 135 1744 tionis,
170 1691 232 1731 non
260 1693 278 1731 a
305 1683 404 1733 mente
433 1673 564 1750 ponitur,
594 1674 648 1732 sed
675 1673 836 1750 percipitur
864 1674 895 1732 in
923 1676 1020 1733 rebus.

28 1763 112 1821 Talis
135 1771 182 1821 est
203 1780 228 1821 e.
250 1782 278 1837 g.
300 1762 421 1834 relati0,
450 1780 528 1838 quae
556 1773 601 1821 est
622 1764 699 1821 inter
726 1764 865 1839 opificem
886 1773 916 1822 et
937 1782 1020 1839 opus,

90 1861 214 1920 Relatio
235 1863 321 1921 realis
342 1871 387 1920 est
405 1863 454 1920 vel
476 1862 638 1921 essentialis
658 1863 706 1922 vel
727 1862 926 1922 accidentalis.

95 1982 119 2018 1.
136 1961 258 2020 Relatio
268 1962 431 2030 essentialis,
442 1979 519 2036 quae
530 1961 636 2020 dicitur
646 1961 735 2019 etiam
744 1962 1019 2035 transcendentalis,

30 2060 74 2108 est
94 2052 160 2127 ipsa
179 2053 225 2108 rei
236 2051 379 2108 absolutae
392 2053 494 2108 entitas
507 2069 543 2107 ex
562 2070 616 2108 sua
636 2051 754 2108 essentia
768 2051 810 2107 ad
826 2052 909 2109 alind
918 2053 1019 2110 relata.

30 2140 111 2198 Talis
132 2140 262 2215 proinde
276 2139 380 2198 relatio
395 2140 500 2199 abesse
521 2158 583 2198 non
603 2151 709 2216 potest,
731 2141 813 2198 salva
826 2140 869 2199 rei
884 2141 1019 2200 essentia.

31 2229 129 2287 Huius
150 2229 195 2288 rei
216 2230 385 2305 exemplum
405 2229 560 2288 habuimus
585 2229 617 2287 in
638 2229 829 2288 relationibus
850 2247 876 2288 e.
899 2249 926 2306 g.
948 2230 1020 2289 veri-

29 2317 97 2376 tatis
123 2327 155 2377 et
179 2318 335 2390 bonitatis,
366 2337 440 2395 quas
466 2318 558 2376 habet
585 2337 638 2376 ens
659 2336 749 2377 omne
777 2318 898 2377 relative
920 2320 959 2377 ad
980 2320 1021 2377 in-

30 2408 199 2482 tellectum3
222 2407 287 2466 talis
309 2419 353 2467 est
373 2407 463 2466 etiam
483 2407 603 2479 relati0,
632 2425 708 2483 quae
729 2417 773 2466 est
793 2408 871 2466 inter
891 2408 1020 2466 animam

29 2506 58 2552 et
79 2514 200 2572 corpus,
222 2495 301 2555 inter
321 2507 495 2566 creaturam
508 2507 537 2555 et
558 2498 664 2555 Deum.

93 2615 118 2653 2.
140 2595 260 2653 Relatio
273 2596 451 2654 accidentalis
463 2596 511 2654 vel
525 2594 804 2671 praedicamentalis
819 2614 855 2653 ea
876 2604 928 2668 est,
950 2615 1022 2672 quae

30 2687 126 2742 aritrer
152 2703 189 2741 ex
213 2686 351 2743 accidente
377 2685 499 2760 quadam
525 2686 658 2742 essentiae
677 2686 887 2761 superveniente
913 2692 941 2742 et
961 2686 1020 2743 sub-

31 2776 154 2831 stantiae
167 2774 338 2832 inhaerente.
374 2773 455 2832 Talis
469 2774 572 2832 relatio
588 2793 607 2831 a
620 2772 753 2832 subiecto
774 2773 902 2849 proinde
916 2774 1020 2833 abesse

32 2864 78 2921 vel
97 2862 129 2920 in
152 2879 190 2920 eo
210 2861 309 2922 inesse
329 2873 441 2940 potest,
463 2864 545 2922 salva
565 2880 683 2938 semper
704 2862 766 2921 eius
786 2863 921 2922 essentia.
964 2865 1021 2922 Ac-

33 2952 188 3011 cidentalis
202 2963 248 3011 est
268 2969 294 3011 e.
310 2971 339 3028 g.
353 2952 457 3012 relatio
478 2951 672 3028 aequalitatis,
694 2970 771 3027 quae
793 2962 837 3010 est
857 2952 933 3011 inter
948 2952 1021 3011 duas

32 3043 185 3101 columnas
206 3041 341 3101 eiusdem
361 3041 563 3101 dimensionis.

95 3269 104 3301 ¹
122 3271 164 3320 Cf.
182 3273 290 3322 Mercier
307 3272 323 3321 l.
344 3287 366 3321 c.
386 3278 473 3337 p.‘54.
505 3272 596 3333 Pesch,
616 3273 677 3322 Inst.
697 3273 748 3336 log.
769 3272 816 3332 III,
837 3281 896 3334 325.
929 3273 1019 3336 Egger,

34 3351 195 3400 Encbiridion
213 3352 291 3402 theol.
311 3352 397 3418 dogm.
417 3368 485 3417 spec.
505 3369 529 3402 n.
550 3365 592 3413 92.
