2350 3700
126 138 178 189 330
406 138 445 173 DE
464 136 652 181 QUANTITATE'
671 136 828 173 CORPOREA.

123 284 280 359 Quantitas
296 294 469 362 permanens
491 287 623 343 cantimaa
645 296 690 343 est
710 284 859 359 quantitas
880 302 964 343 sensu
983 283 1101 359 proprio

123 386 153 433 et
179 374 281 435 stricto
310 383 450 450 accepta,
488 392 579 449 quam
613 392 702 450 supra
731 374 934 433 definivimus:
969 374 1103 432 accidens

124 464 307 523 extensivum
327 463 506 523 substantiae
528 464 559 521 in
579 473 679 539 partes
706 463 738 521 in
761 464 868 521 ordine
891 464 1047 539 praecipue
1067 464 1105 521 ad

123 553 219 630 ipsam
239 552 440 612 substantiam.

184 655 237 711 III.
260 652 290 710 Si
310 653 408 710 modus
428 654 487 709 eius
508 651 617 709 essendi
641 650 861 723 consideratur,
890 651 1036 727 quantitas
1065 662 1108 710 est

122 745 170 801 vel
191 740 315 819 physica
334 742 383 800 vel
403 740 620 799 mathematica.

182 842 303 916 Physica
324 851 369 900 est
389 840 536 915 quantitas
557 837 746 898 considerata
763 846 851 915 prout
869 846 911 897 est
929 842 960 897 in
979 834 1060 897 relius
1081 842 1111 897 in

123 933 292 989 concrctam
311 948 363 989 sua
383 930 537 989 materiali.

182 1029 389 1087 Mathematica
409 1030 457 1088 vel
477 1026 677 1103 intellegibilis
698 1038 743 1085 est
768 1027 915 1102 quantitas
934 1036 1025 1104 preat
1049 1048 1111 1086 can·

123 1120 268 1176 sideramr
280 1138 300 1175 a
312 1125 402 1176 mente
421 1130 559 1177 abstracte
581 1118 617 1175 ab
633 1118 758 1175 amnibus
771 1117 954 1191 qualitatibus
966 1118 1112 1175 sensilibus
1146 1112 1147 1181 l

123 1207 180 1279 ita,
212 1219 244 1266 ut
272 1206 346 1265 nihil
375 1207 536 1267 retineatur
565 1206 623 1265 nisi
652 1206 785 1265 extensio
800 1207 816 1264 ¹.
859 1207 959 1279 Quam
988 1208 1110 1282 quidem
1146 1198 1147 1253 l

125 1297 320 1373 quantitatem
350 1296 485 1355 dividunt
514 1296 546 1355 in
576 1315 685 1371 corpus
718 1296 976 1368 mathematicum,
1011 1315 1112 1373 super·
1146 1332 1147 1353 t

123 1387 229 1457 ficiem,
251 1386 370 1445 lineam.
944 1400 946 1406 '
1146 1386 1147 1399 ¹

184 1481 212 1560 a)
246 1486 357 1562 Carpus
384 1478 647 1560 (mathematicum)
677 1492 721 1543 est
748 1484 896 1559 quantitas
924 1486 1015 1543 tribus
1042 1503 1113 1544 con·

123 1576 221 1634 stituta
235 1574 483 1634 dimensionibus:
507 1572 701 1649 longitudine,
721 1572 883 1646 latitudine,
899 1575 1111 1649 profunditate.
1146 1590 1147 1619 ³

183 1668 215 1748 b)
245 1674 412 1750 Supcrficies
440 1672 593 1731 definitur:
629 1672 776 1747 quantitas
810 1672 919 1731 duabus
953 1674 1113 1732 constituta

123 1762 376 1823 dimensionibus:
412 1761 616 1838 longitudine,
656 1760 820 1821 latitudine.
876 1762 963 1835 Quae
1002 1762 1113 1839 duplex

122 1853 262 1929 distingui
283 1864 388 1929 potest.
430 1855 484 1912 Est
504 1850 599 1911 enim:

183 1944 231 2001 vel
251 1942 421 2018 superficies
441 1942 604 2018 simpliciter
629 1940 719 2011 dicta,
748 1942 841 2016 qualis
869 1952 914 2000 est
941 1944 1112 2018 superficies

123 2051 246 2090 canarexa
267 2033 353 2090 turris
374 2049 400 2090 e.
422 2050 450 2106 g.
472 2031 503 2088 in
524 2037 593 2088 aere
615 2029 808 2104 constitutae3

182 2123 231 2179 vel
251 2121 422 2196 superficies
442 2121 566 2178 ambiens
585 2121 633 2178 vel
654 2119 826 2192 continens,
855 2120 951 2194 qualis
975 2131 1021 2179 est
1040 2121 1112 2180 aeris

124 2229 149 2268 e.
171 2229 199 2285 g.
222 2209 324 2269 turrim
345 2211 502 2270 ambientis
523 2208 694 2285 superficies
715 2227 841 2267 concava.
1146 2209 1147 2268 l

182 2303 210 2383 c)
244 2309 338 2366 Linea
374 2319 418 2368 est
452 2307 600 2384 quantitas
629 2327 688 2364 ana
717 2307 875 2367 constituta
905 2309 1110 2370 dimensione:

122 2397 308 2473 longitudine
321 2398 339 2457 ².

186 2607 195 2638 ¹
214 2611 251 2658 Cf.
272 2625 315 2669 ea,
345 2625 409 2674 quae
431 2610 457 2658 in
476 2610 560 2675 logica
579 2609 611 2658 de
631 2610 802 2658 abstractione
820 2611 1001 2662 mathematica
1022 2609 1062 2678 (p.
1086 2627 1113 2674 14

123 2698 148 2738 et
170 2687 214 2754 15)
237 2689 353 2740 diximus.

184 2767 195 2800 ²
213 2770 252 2818 Ex
271 2770 413 2835 disciplinis
432 2770 615 2820 mathematicis
634 2771 751 2819 omnibus
768 2772 828 2820 satis
842 2780 929 2820 notum
943 2779 984 2821 est
990 2781 1113 2836 punctum

123 2867 175 2898 uon
194 2866 250 2899 esse
269 2851 414 2915 quantitatis
433 2854 544 2915 speciem,
564 2851 610 2899 sed
629 2851 664 2898 ita
683 2867 738 2900 esse
757 2851 904 2916 quantitatis
923 2855 1071 2914 terminum,
1090 2865 1114 2902 ut
1146 2843 1147 2910 l

122 2933 150 2978 in
176 2947 201 2979 se
228 2931 298 2979 nulla
325 2932 423 2979 ratione
451 2931 614 2995 quantitatem
642 2932 755 2979 retineat.
794 2933 917 2980 Punctum
943 2934 1015 2981 euim
1041 2938 1069 2986 in
1093 2953 1113 2986 sc
1146 2947 1147 2984 i

123 3009 216 3057 nullam
235 3010 313 3058 habet
331 3027 362 3058 ex
381 3011 419 3058 his
438 3011 519 3058 tribus
538 3010 746 3059 dimensionibus.

533 3209 694 3216 ——-—.
