2350 3700
283 148 286 150 Α
342 128 441 163 Lacum
462 128 598 163 aaronem
619 127 796 164 uacassrras.
869 162 870 167 ,
1013 115 1063 175 369

73 274 137 345 lex,
161 275 325 333 secundum
346 294 436 350 quam
457 275 631 350 intellegere
646 282 754 350 petest,
786 276 877 333 habet
898 275 1063 350 potentiam

75 363 280 439 intellegendi.

138 483 165 520 2.
200 462 407 538 Metaphysice
441 472 543 521 tamen
577 481 640 521 non
670 472 737 520 sunt
766 464 953 521 necessariae
983 462 1064 537 leges

75 568 183 609 omnes
204 552 288 623 aliae,
311 570 388 626 quae
403 552 563 610 fundantur
577 551 609 609 in
624 551 851 610 condicionibus
866 562 896 611 et
910 551 1064 622 adiunctis,

78 658 156 715 quae
177 660 195 697 a
217 658 315 699 rerum
337 641 464 699 essentia
484 646 547 699 n'on
568 640 738 699 necessario
759 641 859 713 fluunt,
882 641 936 699 sed
957 660 1021 700 esse
1036 650 1066 698 et

76 748 140 787 non
169 748 233 787 esse
260 740 399 805 possunt,
430 732 478 789 vel
499 730 584 789 aliter
605 748 669 789 esse
691 740 822 806 possunt.
865 730 978 803 Quales
999 739 1065 788 sunt

75 820 168 893 leges,
190 836 267 893 quae
289 820 450 877 fundantur
470 819 500 876 in
523 818 664 878 exercitio
686 819 885 894 potentiarum
901 830 1066 877 creatarum

15 905 16 914 ’
75 909 123 965 vel
138 907 169 963 in
185 907 329 966 relatione
344 907 569 967 coexsistentiae
578 908 704 965 aliorum
715 925 883 983 corporum,
899 918 928 966 et
938 908 1065 983 proinde

76 999 160 1072 leges
182 1015 302 1069 omnes,
324 1015 401 1072 quae
424 999 584 1056 fundantur
606 998 637 1055 in
658 996 849 1055 relationibus
871 1016 939 1055 cum
961 996 1065 1072 spatio,

77 1087 168 1143 Nulla
181 1086 262 1144 enim
283 1087 431 1145 invenitur
452 1088 644 1163 repugnantia
663 1089 694 1144 in
715 1094 841 1161 concepta
862 1088 893 1145 in
915 1105 960 1158 e0,
983 1086 1065 1161 quod

76 1176 167 1233 rebus
194 1176 225 1232 in
251 1176 420 1235 exsistentia
440 1176 630 1235 manentibus
651 1176 707 1234 hae
729 1178 810 1251 leges
832 1176 979 1234 deficiant.
1017 1176 1066 1233 Sic

77 1264 156 1339 ignis
176 1265 256 1323 bene
278 1265 444 1341 concipitur
466 1275 496 1323 ut
521 1264 612 1339 ignis,
642 1266 756 1323 etiamsi
782 1285 845 1323 nori
873 1265 972 1325 exurit.
993 1284 1067 1323 mar·

15 1413 16 1426 ,
76 1363 167 1429 syres
196 1355 272 1412 Item
293 1354 375 1429 quod
395 1356 440 1412 sol
460 1355 508 1412 vel
530 1366 609 1413 terra
630 1365 792 1426 moveatur,
814 1355 897 1429 quod
917 1355 1009 1412 homo
1031 1354 1067 1411 sit

14 1429 18 1502 l
76 1445 109 1502 in
137 1444 189 1501 tali
217 1443 264 1501 vel
291 1443 343 1501 tali
368 1446 451 1513 loc0,
480 1462 543 1502 non
569 1443 741 1503 necessario
770 1443 871 1502 defluit
898 1445 936 1501 ab
962 1462 1066 1502 eorum

77 1533 223 1602 essentia,
252 1551 350 1608 neque
372 1533 499 1608 proinde
520 1534 584 1605 lex,
614 1532 778 1591 secundum
799 1552 889 1607 quam
910 1534 954 1591 sol
975 1533 1067 1590 modo

77 1622 230 1681 constanti
250 1633 402 1694 movetur,
425 1623 588 1681 secundum
610 1641 699 1697 quam
721 1622 812 1679 homo
833 1640 951 1698 semper
972 1632 1016 1680 est
1037 1622 1067 1679 in

76 1714 158 1783 loco,
180 1712 383 1787 metaphysice
405 1712 573 1770 necessaria
595 1711 654 1770 diei
675 1721 782 1788 potest.

140 1836 270 1895 Assertio
283 1836 396 1896 III.'—
413 1837 529 1894 Multae
548 1843 616 1894 sant
635 1838 707 1909 leges
727 1836 833 1906 mnndi,
855 1855 926 1911 qnae
942 1836 1069 1893 nonnisi

70 1927 190 2002 physice
209 1934 276 1984 sant
295 1929 472 1984 necessariae.
516 1927 654 2002 Sequitur
675 1926 759 1984 huius
780 1926 823 1984 rei
844 1927 951 1984 veritas
973 1945 1009 1983 ex
1030 1925 1068 1982 al-

76 2026 145 2074 tera
165 2026 250 2091 parte
272 2016 420 2074 secundae
442 2015 613 2074 assertionis
634 2025 663 2074 et
684 2035 720 2074 ex
741 2015 872 2090 legitima
886 2014 1066 2072 inductione.

77 2105 275 2181 Experientia
296 2105 376 2164 enim
396 2107 504 2163 scimus
525 2106 633 2163 multos
655 2123 719 2163 esse
741 2105 772 2162 in
793 2106 881 2162 rebus
911 2103 1068 2162 mundanis

14 2226 21 2281 ς
76 2193 200 2252 essendi
221 2204 251 2251 et
271 2195 382 2269 agendi
403 2196 517 2266 modos
540 2195 591 2270 qui
614 2212 650 2251 ex
671 2193 801 2251 instituto
824 2193 928 2250 ordine
945 2204 1067 2250 naturae

76 2293 251 2341 constantes
271 2294 463 2359 perseverant
484 2294 573 2358 atque
601 2283 701 2341 iidem.
750 2283 798 2340 Sic
827 2282 907 2340 enim
934 2281 1068 2339 videmus

15 2376 16 2433 l
75 2390 172 2430 omne
193 2391 302 2448 corpus
323 2391 388 2430 esse
409 2371 577 2430 necessario
600 2371 631 2429 in
651 2374 729 2442 loco,
752 2371 794 2429 sic
811 2371 946 2444 planetas
961 2370 1069 2428 scimus

75 2463 119 2519 ab
147 2470 213 2518 ortu
241 2462 280 2519 ad
308 2481 449 2520 occasum
475 2461 645 2519 necessario
673 2459 801 2531 moveri,
831 2459 873 2517 sic
901 2459 1002 2534 ignem
1023 2478 1069 2517 ex-

75 2549 214 2626 perimur
226 2551 406 2623 necessario,
429 2550 537 2609 debitis
551 2550 673 2609 servatis
688 2549 925 2619 condicionibus,
948 2549 1068 2623 lignum,

76 2639 128 2697 cui
142 2639 327 2712 admovetur,
350 2641 536 2711 comburere,
552 2639 609 2696 alia
623 2638 799 2696 huiusmodi.
829 2639 891 2696 Res
907 2638 971 2694 illas
986 2638 1070 2696 aliter

75 2748 109 2788 se
131 2729 246 2787 habere
267 2739 413 2804 repugnat
434 2729 556 2804 quidem
578 2748 615 2787 ex
636 2727 756 2786 defectu
783 2746 889 2794 causae
918 2727 1068 2802 physicae,

15 2832 16 2861 ³
76 2837 158 2893 quae
180 2819 245 2876 illas
266 2818 351 2876 aliter
372 2819 513 2876 ordinare
535 2817 645 2893 possit,
668 2836 730 2874 non
752 2827 850 2874 autem
872 2827 1019 2892 repugnat
1040 2817 1071 2873 in

75 2918 231 2984 conceptu
246 2908 261 2964 ¹.

143 3101 152 3131 ¹
171 3102 211 3151 Cf.
230 3102 318 3167 Lepidi
335 3101 350 3150 l.
371 3117 393 3150 c.
413 3103 458 3161 Ill,
480 3111 529 3165 ²75
551 3119 587 3165 sq.

134 3405 325 3454 Reinstadler,
342 3405 410 3444 Elem.
427 3404 503 3453 philos.
519 3401 587 3441 schol.
612 3401 629 3441 Ι.
