2350 3700
153 157 204 206 224
454 157 493 193 DE
512 156 575 194 lesa
593 155 723 194 RATIONE
743 157 835 195 BNTIS.

151 315 210 364 est:
239 305 420 380 incapacitas
446 306 494 363 vel
514 306 713 380 repugnantia
740 306 779 364 ad
800 305 1003 364 exsistendum
1025 315 1086 362 orta
1104 321 1134 362 er

152 395 368 452 elementorum
388 394 626 452 insociabilitate.

212 483 386 540 Pcssibilitas
407 485 565 540 extrinseca
583 484 632 542 vel
652 483 776 542 celatim
796 495 856 543 est:
882 485 1027 560 capacitas
1047 483 1086 540 ad
1099 501 1136 539 cx-

151 572 302 642 sistcndum
314 579 381 629 crta
399 590 436 630 cx
449 574 555 630 virtute
567 590 669 630 causae
682 575 863 641 extrinsecae,
885 592 903 630 a
924 591 988 647 qua
1002 571 1043 643 id,
1065 573 1137 646 quod

152 662 354 737 metaphysice
368 660 510 737 possibile
531 672 584 732 est,
607 662 714 720 actuali
729 661 898 721 exsistentia
918 662 1031 720 donari
1046 663 1137 736 possit.

153 750 243 810 Cuius
264 750 434 826 oppositum
453 762 499 809 est
518 750 740 826 impossibilitas
755 750 920 810 extrinseca
942 752 994 810 vel
1008 752 1137 810 relativa:

153 841 334 916 incapacitas
353 840 394 898 ad
407 840 607 899 exsistendum
629 851 694 898 orta
714 858 750 897 ex
765 840 885 899 defectu
898 840 1016 898 virtutis
1031 859 1138 908 causae,

152 948 230 1004 quae
251 929 344 1005 possit
365 946 429 988 rem
442 930 646 1005 metaphysice
660 931 832 1005 possibilem
846 929 1020 988 exsistentia
1040 930 1138 988 actuali

153 1019 278 1077 donare.

213 1109 300 1182 Quae
321 1108 500 1183 possibilitas
528 1108 695 1167 extrinseca
716 1108 843 1184 duplicis
870 1119 914 1167 est
941 1107 1073 1184 speciei:
1100 1119 1137 1166 est

153 1197 234 1256 enim
254 1198 303 1255 vel
323 1197 447 1273 physica
467 1198 515 1256 vel
536 1199 666 1256 moralis.

212 1286 393 1345 Possibilitas
407 1286 573 1345 extrinseca
587 1287 706 1362 physica
720 1305 756 1345 ea
775 1297 827 1358 est,
850 1305 927 1361 quae
942 1287 1094 1360 fundatur
1111 1288 1137 1342 in

153 1377 211 1450 lege
231 1384 361 1434 naturae.
403 1375 528 1451 Physice
548 1375 691 1450 possibile
718 1386 761 1434 est
782 1376 910 1451 proinde
931 1375 1079 1450 quidquid
1099 1386 1136 1432 est

153 1465 316 1523 secundum
337 1466 419 1539 leges
440 1475 578 1536 naturae,
606 1465 623 1523 i.
647 1483 673 1524 e.
695 1482 757 1521 non
785 1475 904 1540 superat
923 1464 1005 1524 vires
1027 1463 1136 1522 alicuius

154 1565 276 1612 naturae
297 1555 345 1612 vel
366 1554 453 1612 totius
474 1564 597 1612 naturae
625 1555 672 1612 vel
693 1571 754 1611 non
776 1564 821 1611 est
844 1564 950 1612 contra
972 1563 1137 1612 consuetum

154 1653 277 1702 naturae
298 1642 444 1701 ordinem.
487 1644 537 1701 Sic
558 1643 681 1719 physice
708 1642 850 1718 possibile
871 1653 916 1700 est
934 1641 1055 1701 homini
1075 1659 1138 1700 sano

154 1732 210 1791 iter
239 1733 326 1790 trium
351 1732 518 1790 milliarium
539 1732 689 1807 suscipere
711 1731 760 1790 die
787 1731 940 1789 dominica
962 1733 1004 1790 ad
1026 1733 1137 1790 Missam

155 1821 343 1882 audiendam.
358 1853 397 1861 —
412 1820 637 1899 Impossibilitas
651 1831 749 1880 autem
768 1820 892 1898 physica
906 1831 950 1880 est
965 1821 1148 1899 incapacitas¹

155 1923 220 1970 orta
234 1931 269 1971 ex
284 1913 403 1971 defectu
418 1930 533 1983 causae,
555 1929 633 1986 quae
654 1911 818 1971 secundum
833 1922 1010 1970 consuetum
1025 1922 1138 1969 naturae

155 2001 293 2059 ordinem
323 2019 386 2059 rem
422 2001 590 2076 producere
624 2000 725 2076 possit.
777 2000 901 2076 Physice
931 2001 1065 2076 proinde
1098 2000 1147 2061 im:

155 2089 295 2164 possibile
323 2100 368 2148 est
395 2089 542 2164 quidquid
568 2089 633 2148 fieri
660 2106 722 2146 non
749 2100 848 2164 potest
879 2088 1049 2147 secundum
1080 2108 1138 2146 con·

154 2190 269 2236 suetum
297 2189 419 2236 naturae
441 2178 594 2249 ordinem,
625 2179 679 2237 etsi
707 2178 908 2253 metaphysice
930 2178 1076 2253 possibile
1095 2188 1137 2247 est,

154 2269 248 2325 velut:
277 2278 425 2325 mortuum
445 2268 485 2325 ad
505 2267 596 2325 vitam
618 2267 724 2325 redire.
768 2266 816 2324 Sic
839 2266 928 2325 etiam
950 2267 1079 2343 physice
1098 2268 1137 2323 irn·

156 2355 296 2431 possibile
311 2367 355 2415 est
364 2368 496 2431 aegroto,
512 2356 563 2431 qui
577 2357 608 2413 in
622 2356 701 2414 lecto
716 2366 761 2414 est
774 2356 896 2427 defixus,
912 2356 1012 2414 statim
1029 2372 1145 2431 surgere

156 2455 186 2503 et
206 2445 262 2503 iter
283 2445 409 2520 pedibus
430 2445 555 2520 ingredi
568 2446 607 2503 ad
629 2446 751 2503 Missam
772 2444 962 2503 audiendam.

215 2534 395 2593 Possibilitas
422 2534 587 2593 extrinseca
608 2535 725 2591 moralis
750 2552 786 2592 ea
807 2545 865 2605 est,
896 2552 976 2609 quae
998 2534 1138 2609 fundatur

155 2626 186 2680 ia
212 2624 318 2696 legibus
342 2643 450 2680 morum
478 2631 600 2681 naturae
620 2624 778 2680 rationalis.
821 2622 976 2681 Moraliter
1007 2624 1113 2699 possibi

156 2723 200 2771 est
220 2712 348 2787 proinde
370 2713 516 2787 quidquid
536 2712 601 2771 fieri
623 2722 721 2788 potest
742 2708 770 2786 a)
786 2712 949 2770 secundum
972 2724 1112 2771 consuetu

156 2800 266 2876 agendi
279 2801 401 2859 modum
416 2802 528 2860 entium
542 2801 704 2860 liberorum
726 2802 773 2859 vel
794 2797 825 2875 b)
840 2802 1008 2860 secundum
1030 2820 1110 2861 norm

155 2891 202 2949 vel
223 2893 317 2965 leges,
349 2890 455 2965 quibus
476 2893 611 2948 voluntas
633 2890 727 2949 libera
748 2908 812 2949 sese
834 2890 1028 2951 conformare
1050 2893 1105 2950 deb

155 2979 213 3050 Sic,
235 2980 398 3038 secundum
420 2981 549 3055 priorem
572 2979 727 3052 rationem,
750 2997 813 3037 non
833 2981 929 3037 solum
946 2980 1104 3057 physices

156 3067 245 3123 etiam
265 3068 416 3124 moraliter
443 3068 584 3142 possibile
607 3078 651 3126 est
671 3068 822 3127 hominem
852 3068 997 3143 cupidum
1021 3069 1107 3129 menti

155 3151 394 3222 Impossibilitate
433 3172 505 3211 vero
539 3155 644 3212 morali
683 3155 867 3230 impossibile
907 3168 953 3215 est
989 3160 1072 3233 quod

157 3230 184 3306 a)
196 3245 299 3291 contra
313 3255 411 3295 mores
424 3241 579 3298 hominum
594 3251 624 3299 et
637 3241 779 3314 indolem,
794 3245 841 3301 vel
856 3237 887 3318 h)
899 3256 1008 3304 contra
1022 3266 1116 3306 norma

157 3336 230 3389 quas
259 3322 394 3379 voluntas
420 3326 515 3383 libera
541 3328 627 3401 sequi
647 3329 754 3401 debet,
784 3330 838 3388 etsi
867 3334 1074 3410 metaphysice
1098 3357 1107 3391 i
