2350 3700
107 95 160 143 402
301 94 339 131 DE
358 92 458 132 ctusts
478 94 616 132 SUPRRMIS
637 94 735 131 nuum
754 94 904 131 CORPOREl.

105 252 273 319 pugnantes
286 244 303 301 ¹.
344 242 424 302 Nam
451 260 506 301 ens
526 262 544 300 a
564 260 597 301 se
618 252 686 301 actu
710 242 802 301 habet
823 241 972 318 quidquid
994 251 1040 301 est
1060 242 1095 299 de

105 330 168 390 eius
198 331 341 405 essentia3
370 332 500 407 proinde
527 348 650 391 omnem
679 331 927 408 potentialitatem
954 332 1003 390 vel
1032 348 1098 389 evo

106 419 251 479 lationem
271 420 401 479 excludit
412 421 431 480 ¹.

165 519 204 576 11.
234 518 412 577 Aesonatar
439 517 598 594 hypothesis
626 518 845 577 matenblistica.
875 548 914 557 —-
943 520 1099 577 Sententia

105 606 361 667 materialistarum
380 607 435 679 his,
457 607 536 666 inter
555 607 623 679 alia,
645 607 721 667 vitiis
742 608 874 666 laborat:

165 708 203 765 A.
235 705 418 782 Hypothesis
448 722 530 764 canes
556 705 682 780 fortuiti
708 724 868 782 perperam
899 706 1026 765 omnino
1056 717 1101 765 est

105 796 244 854 instituta.
792 806 793 809 ’

169 904 193 943 1.
224 883 348 942 Nullam
374 883 460 942 habet
471 884 710 961 probabilitatem.
752 884 842 942 Nulla
862 883 944 942 enim
965 892 1011 943 est
1031 902 1098 959 pro-

105 973 256 1047 babilitas,
296 990 364 1044 cur,
395 972 473 1032 inter
502 973 631 1033 infinitas
661 972 899 1031 combinationes
928 983 1097 1032 atomorum

104 1062 275 1139 possibiles,
304 1062 415 1121 oriatur
435 1063 512 1121 haec
532 1062 717 1121 combinatio
738 1073 799 1120 tam
820 1062 943 1133 eximia,
967 1073 999 1121 et
1023 1063 1099 1120 ordi·

104 1152 186 1209 natio
207 1162 267 1209 tam
288 1152 453 1227 complexa,
475 1170 549 1228 prae
569 1151 634 1210 aliis
656 1150 772 1209 infinito
789 1150 886 1210 minus
900 1150 1096 1227 complicatis.

167 1260 194 1299 a.
215 1239 355 1316 Apertam
377 1242 499 1299 inuoluit
522 1242 759 1317 repugnantiam:
787 1235 815 1317 a)
837 1240 868 1297 in
889 1240 1095 1315 conceptibus,

106 1328 176 1405 quia
196 1328 282 1405 ponit
302 1330 441 1389 effectum
457 1328 521 1388 sine
536 1348 642 1404 causa3
662 1323 694 1405 b)
710 1346 778 1387 cum
792 1328 880 1388 certis
895 1328 1097 1406 experientiae

106 1418 199 1478 lactis.
248 1416 358 1477 Dicant
387 1418 468 1477 enim
495 1418 620 1477 velimus
650 1419 779 1477 fautores
809 1417 894 1477 huius
922 1418 1096 1490 sententiae,

106 1526 158 1565 cur
185 1526 289 1567 eorum
318 1507 490 1585 hypothesis
520 1525 576 1584 pro
605 1508 669 1567 sola
696 1506 886 1566 ordinatione
913 1506 1019 1567 mundi
1049 1508 1099 1565 ad·
1159 1510 1160 1539 l

106 1596 181 1655 mitti
201 1596 319 1666 debeat,
341 1596 478 1655 omnibus
498 1614 571 1655 vero
593 1596 656 1655 aliis
675 1594 885 1672 experimentis
899 1596 1098 1668 contradicat,

106 1697 136 1744 et
156 1704 209 1745 cur
228 1704 291 1744 non
312 1685 350 1744 sit
368 1685 531 1761 aliquando
552 1686 693 1745 effectum
713 1686 902 1761 horologium
922 1686 971 1744 vel
995 1686 1100 1761 regale
1159 1756 1160 1767 χ

105 1773 246 1850 palatium
268 1792 305 1833 ex
321 1774 441 1833 fortuito
455 1784 623 1834 atomorum
638 1792 785 1834 concursu
798 1776 856 1845 vel,
877 1782 909 1831 ut
922 1773 964 1833 ait
977 1774 1099 1847 Cicer0,

18 1874 19 1877 ’
105 1882 199 1938 quare
226 1875 366 1940 poemata
386 1865 514 1923 Homeri
540 1882 604 1923 non
631 1865 703 1922 fiant
730 1864 862 1923 similiter
889 1882 926 1923 ex
950 1881 1101 1922 concursu

106 1953 226 2012 fortuito
247 1964 415 2013 atomorum
435 1964 465 2012 et
486 1964 679 2012 caracterum.

166 2061 194 2116 3.
216 2044 373 2101 Praeterea
399 2043 453 2099 illa
478 2042 637 2117 hypothesis
657 2042 734 2100 nihil
750 2043 889 2118 explicat:
916 2035 945 2117 a)
966 2059 1031 2100 non
1052 2060 1102 2100 ex·

106 2131 198 2208 plicat
224 2143 321 2189 ortum
348 2141 533 2205 atomorum3
560 2126 593 2206 b)
614 2149 676 2189 non
698 2133 826 2207 explicat
847 2131 994 2190 rationem
1022 2132 1101 2190 suffi-

107 2220 235 2280 cientem
268 2237 369 2280 earum
402 2219 614 2292 ordinationis,
651 2218 743 2279 immo
777 2240 834 2297 pro
865 2238 954 2279 causa
984 2219 1100 2280 ordinis
1159 2245 1160 2278 t

106 2309 193 2369 sumit
220 2309 348 2384 aliquid,
377 2310 460 2384 quod
487 2327 524 2368 ex
551 2319 658 2368 natura
684 2327 737 2368 sua
764 2309 879 2368 facilius
906 2308 1021 2367 ordinis
1050 2310 1100 2368 de
1159 2281 1160 2372 i

106 2398 299 2457 structionem
319 2399 490 2473 explicaret.
526 2393 554 2472 c)
572 2397 653 2457 «Etsi
674 2397 747 2458 dare
765 2397 941 2457 adversariis
954 2399 1101 2457 vellemus

107 2496 237 2558 atomos,
266 2488 387 2546 servatis
410 2487 518 2546 debitis
541 2487 784 2560 condicionibus,
812 2487 844 2545 in
864 2486 1101 2562 compositiones
1159 2505 1160 2512 ¹

107 2575 339 2636 ordinatissimas
366 2594 436 2635 casu
464 2593 644 2635 concurrere
672 2585 761 2652 atque
789 2577 829 2634 ita
855 2577 936 2634 hunc
959 2575 1099 2635 ordinem

107 2684 177 2724 casu
204 2665 335 2742 potuisse
362 2665 498 2736 efficere,
526 2664 609 2723 nullo
636 2675 736 2724 tamen
765 2665 857 2725 modo
885 2664 1098 2737 declararetur,
1157 2699 1160 2726 2

107 2772 168 2828 quo
192 2765 282 2830 pacto
303 2754 380 2812 ordo
400 2753 451 2812 ille
471 2771 541 2812 casu
562 2764 658 2826 ortus,
688 2754 798 2813 stabilis
826 2764 917 2830 atque
944 2753 1099 2830 impertur·
1159 2747 1160 2840 l

107 2843 213 2902 babilis
233 2843 434 2919 perduraret.»
449 2843 460 2875 ⁸

166 2943 200 2999 B.
222 2941 406 3016 Hypothesis
432 2942 517 2998 seriei
539 2959 690 2998 causarum
710 2942 839 3015 infinitae
866 2940 1020 3000 reicienda
1045 2951 1096 3000 est.
1159 2969 1160 3006 2

169 3110 237 3161 ¹Cf.
256 3114 319 3162 ibid.
358 3127 426 3163 .2.

167 3185 179 3216 ²
196 3189 268 3247 Quae
286 3131 371 3238 omnpia
390 3125 480 3240 cintius
500 3193 682 3259 intellegentur
700 3213 731 3244 ex
751 3194 788 3256 iis,
809 3213 874 3260 quae
891 3198 923 3246 de
935 3199 1097 3262 pantheismo

106 3261 166 3306 rear
185 3263 210 3308 u
229 3265 358 3329 theologia
376 3270 482 3316 naturali
501 3272 621 3322 dicemus.
692 3273 702 3304 ³
720 3277 805 3334 resch,
825 3276 890 3326 rhu.
912 3286 963 3327 nat.
983 3279 1017 3339 11,
1041 3292 1096 3341 193.
1149 3297 1160 3400 p
