2350 3700
817 6 850 24 ..Ι
866 4 1134 34 „ww-7.

191 164 242 201 212
492 166 531 202 DE
550 165 613 201 IPSA
631 166 757 202 RATIONE
777 166 868 203 ENTIS.
1136 4 1170 281 W

250 333 277 387 3.
300 315 354 371 Est
373 323 471 372 autem
485 314 562 371 haec
582 316 647 389 ipsa
668 314 751 372 notio
771 315 869 389 prima
889 332 1011 389 quoque
1031 314 1065 371 in
1080 304 1170 375 ordino

188 404 397 475 chronologico,
425 402 444 460 i.
466 420 492 461 e.
515 402 630 462 ratione
651 402 794 479 temporis
821 402 920 461 ideam
941 402 1018 461 entis
1039 398 1170 473 directuri

188 511 274 551 mens
301 491 357 551 sibi
384 502 540 567 comparat
567 503 637 551 ante
665 510 770 551 omnes
798 492 869 549 alias
895 492 1043 551 notiones.
1089 482 1170 565 Qua*

189 582 311 657 quidem
332 582 454 639 assertio
476 581 658 657 experientia
679 583 836 656 probatur,
865 580 1038 639 inductione
1062 510 1170 665 scilice]

187 670 327 746 legitima.
368 670 433 729 Etsi
452 671 533 729 enim
553 670 676 747 propria
697 669 880 745 experientia
901 672 1091 746 compertum
1119 690 1156 729 no

186 762 345 831 habemus,
375 760 528 834 quomodo
549 760 678 835 primum
700 760 866 817 intellectus
889 758 981 817 nostri
1002 769 1110 817 actum
1134 762 1167 818 eli

186 850 347 920 cuerimus,
375 866 549 925 processum
568 858 670 907 tamen
691 850 863 923 generalem
884 848 1068 923 operationis
1092 851 1163 907 huiu

186 940 352 997 intellectus
372 936 442 996 satis
469 948 659 1014 perspectum
681 938 833 996 habemus.
876 937 1071 1012 Experientia
1096 939 1148 997 eni

186 1027 293 1085 scimus
307 1026 488 1085 intellectum
498 1028 664 1102 procedere
675 1045 794 1102 semper
808 1045 844 1085 ex
857 1026 1028 1084 notionibus
1043 1029 1160 1085 maxim

185 1116 316 1175 confusis
337 1125 366 1174 et
380 1115 617 1175 indeterminatis
629 1115 668 1173 ad
689 1116 771 1175 ideas
786 1115 935 1186 clariores,
957 1125 1061 1190 utpote
1077 1118 1163 1191 magi

185 1206 405 1276 determinatas,
426 1204 502 1263 sicut
523 1206 625 1263 oculus
646 1222 809 1280 corporeus
830 1224 848 1261 a
868 1206 958 1279 longe
973 1204 1168 1280 prospiciens

184 1295 282 1370 primo
303 1312 350 1353 res
371 1310 532 1369 corporeas
553 1294 753 1369 apprehendit
774 1294 927 1363 confusas,
954 1292 1066 1351 deinde
1091 1312 1166 1353 vero

184 1401 221 1441 ex
234 1383 369 1459 diligenti
383 1383 547 1443 attentione
562 1394 592 1442 et
605 1392 676 1457 apta
690 1383 864 1453 directione,
880 1382 1022 1441 clariores
1036 1394 1067 1441 et
1077 1386 1163 1459 magi

184 1474 394 1531 determinatas
404 1472 483 1547 ipsas
492 1471 646 1547 conspicit.
670 1472 730 1531 Sed
744 1472 821 1530 inter
834 1471 972 1530 notiones
987 1488 1095 1531 omnes
1105 1473 1157 1531 ide
1169 1466 1170 1473 ἶ

183 1563 259 1621 entis
273 1561 401 1620 maxime
415 1572 460 1620 est
474 1562 598 1619 confusa
608 1571 637 1619 et
646 1561 884 1619 indeterminata.
906 1561 997 1620 Unde
1009 1572 1094 1621 recte
1105 1582 1144 1621 co

184 1652 364 1709 cludendum
387 1668 451 1709 esse
473 1649 588 1708 videtur
609 1650 704 1725 ipsam
718 1650 851 1708 omnium
865 1667 969 1707 revera
984 1650 1120 1725 primam
1136 1672 1152 1709 r

182 1740 264 1798 tione
278 1739 420 1814 temporis
435 1739 585 1813 cognosci.
616 1739 707 1811 Quod
726 1738 894 1814 philosophi
909 1739 1069 1799 declarant
1085 1743 1149 1800 effa

182 1829 248 1888 illo:
277 1830 348 1887 Idea
374 1830 589 1887 cntisomnium
604 1830 704 1904 primo
724 1830 813 1886 estin
834 1828 932 1886 ordine
953 1839 1153 1904 chronologic

241 1939 268 1990 4,
299 1921 345 1976 Ex
372 1919 478 1993 quibus
499 1919 637 1976 omnibus
658 1919 755 1977 elucet
775 1917 807 1975 in
827 1917 1019 1977 inferioribus
1041 1922 1136 1980 notio
1160 1921 1165 1934 '

181 2009 235 2066 bus
263 2007 442 2066 definiendis
469 2007 625 2066 notionem
653 2007 729 2065 entis
756 2017 908 2081 tamquam
933 2026 1027 2080 genus
1049 2019 1140 2087 prop

180 2098 282 2155 dt'ctom
291 2096 459 2172 praedicari
468 2115 532 2154 non
541 2114 638 2171 posse.
667 2097 703 2155 Id
714 2095 802 2167 enim,
819 2096 901 2171 quod
911 2099 1036 2171 *generis
1047 2102 1160 2177 propri

180 2185 251 2244 dicti
265 2203 388 2244 munere
404 2185 533 2260 fungitur
547 2181 630 2260 (puta
639 2184 678 2243 de
692 2185 815 2243 notione
833 2185 977 2243 «animal»
996 2187 1029 2245 in
1045 2189 1141 2248 hom'

179 2269 381 2348 definiendo),
410 2273 475 2332 talis
496 2284 540 2332 est
560 2284 699 2344 naturae,
728 2284 760 2332 ut
786 2273 833 2345 id,
865 2275 946 2350 quod
968 2274 1026 2351 ipsi
1051 2280 1136 2338 addi

179 2372 330 2438 tamquam
349 2362 517 2420 differentia
531 2364 679 2438 specifica,
697 2366 915 2438 conpositionem
929 2366 1163 2441 metaphysicom

178 2470 247 2510 cum
268 2454 333 2528 ipso
355 2453 520 2511 constituat.
563 2454 609 2510 Ex
630 2453 664 2511 iis
685 2469 772 2523 verO,
798 2471 874 2527 quae
896 2472 986 2527 supra
1006 2455 1144 2516 declara

179 2560 252 2612 mus,
274 2541 334 2600 iam
349 2552 465 2600 constat
479 2541 634 2599 notionem
649 2542 724 2600 entis
739 2542 778 2600 ad
791 2541 934 2600 inferiora
955 2561 1009 2600 sua
1032 2558 1134 2606 contr

176 2649 240 2688 non
260 2631 317 2688 nisi
339 2629 555 2705 compositione
577 2631 683 2706 logica.

238 2719 314 2778 Cum
335 2729 433 2777 autem
454 2718 538 2777 notio
552 2720 628 2778 entis
643 2720 681 2778 de
695 2719 753 2777 suis
767 2719 955 2780 inferioribus
974 2725 1147 2796 praedicet

176 2817 328 2882 tamquam
350 2807 478 2884 aliquid,
505 2809 587 2882 quod
616 2807 796 2866 differentias
824 2826 927 2868 eorum
949 2809 1008 2868 iam
1032 2811 1160 2874 includi

177 2896 230 2954 etsi
251 2915 314 2954 non
338 2897 501 2955 formaliter
528 2908 596 2955 sunt
617 2914 787 2972 expressae,
817 2897 924 2955 dicitur
951 2899 1044 2957 etiam
1068 2921 1132 2964 sae

176 3001 315 3042 numero:
344 2986 437 3042 Notio
464 2988 535 3042 entis
554 2986 588 3042 de
608 2988 666 3042 suis
684 2987 871 3060 inferioribus
884 2989 1085 3063 praeditatur
1110 3016 1133 3051 a

176 3069 269 3138 logice,
291 3071 309 3126 i.
331 3089 356 3128 e.
378 3073 542 3129 secundum
563 3074 710 3132 rationem
730 3093 787 3133 nec
809 3076 932 3134 omnino
953 3078 1096 3140 eandem
1122 3105 1142 3142 n

177 3154 300 3211 omnino
321 3157 469 3214 diversam
479 3159 497 3216 ¹.

240 3330 247 3360 ¹
267 3335 305 3381 Cf.
324 3353 399 3398 supra
417 3357 442 3401 p.
462 3354 522 3391 211.
596 3343 606 3374 ²
626 3349 665 3395 Cf.
685 3349 783 3412 Logica
801 3369 825 3414 p.
847 3353 880 3400 28
899 3363 924 3402 et
939 3368 986 3416 29.
