2350 3700
338 175 376 210 DE
395 174 470 210 ACTU
490 175 527 211 ET
545 175 584 211 DE
604 173 757 213 POTENTIA.
989 175 1037 210 221

73 321 184 392 cinatur,
211 321 319 380 dicitur
337 323 514 397 intellegens
534 322 566 380 in
586 331 655 380 actu
676 323 773 398 primo
793 331 824 380 et
844 322 874 378 in
903 330 970 380 actu
999 340 1041 380 se·
1140 401 1141 406 η

73 410 156 468 cundo
169 410 184 468 ¹.

120 527 144 582 3.
164 507 294 567 Ratione
311 511 422 583 gradus
436 510 622 586 perfeetionis
642 519 724 569 actus
744 517 787 568 est
808 510 855 569 vel
876 527 966 586 purus
993 510 1041 568 vel

73 616 121 655 non
139 615 237 672 purus.

117 697 206 754 Actus
220 705 317 772 purnes
337 697 386 754 ille
407 706 459 770 est,
481 699 533 771 qui
550 703 661 754 tantam
682 696 766 753 habet
784 698 1041 754 determinationem

70 792 93 840 et
101 785 306 860 perfectionem,
327 793 360 842 nt
372 787 453 843 emila
466 789 597 862 patentia
610 788 822 861 permiscentur.
852 787 914 844 Eas
928 785 1041 844 infinite

69 875 219 948 perfectum
239 876 369 951 proinde
390 876 484 933 solum
507 885 551 933 est
571 886 653 934 actus
675 893 773 951 purus.

116 974 206 1031 Actus
227 993 284 1031 non
301 983 393 1049 premes
413 983 458 1032 est
477 984 575 1046 actus,
604 975 649 1031 cni
661 975 791 1050 potentia
817 974 955 1049 quaedam
976 983 1042 1050 per·

66 1064 190 1120 miscetur.
233 1064 323 1121 Tales
344 1072 411 1121 sunt
432 1080 537 1121 omnes
558 1073 719 1122 creaturae.

115 1163 151 1218 II.
175 1161 323 1218 Potentiae
342 1159 476 1220 similiter
496 1162 595 1236 plures
616 1170 684 1218 sunt
704 1163 828 1236 species.
870 1163 924 1220 Est
944 1161 1041 1220 enim:

37 1276 38 1339 j
118 1279 142 1318 1.
164 1260 302 1317 Potentia
321 1260 453 1317 obiectioa
473 1260 522 1318 vel
542 1260 646 1332 logica,
676 1277 753 1334 quae
776 1270 820 1319 est
840 1261 979 1336 capacitas
999 1261 1046 1318 ael

37 1342 38 1407 Ϊ
64 1348 182 1423 aptitudo
208 1348 251 1404 ad
274 1349 461 1406 exsistentium
488 1348 532 1407 rei
559 1349 695 1407 nondum
723 1348 904 1408 exsistentis:
936 1348 1042 1407 dicitur

64 1435 144 1494 etiam
165 1436 352 1512 possibilitas.

114 1527 161 1585 De
181 1526 241 1583 hac
262 1526 395 1601 potentia
416 1527 565 1585 obiectiva
585 1529 633 1586 vel
653 1527 848 1604 possibilitate
870 1527 987 1586 uberius
1002 1527 1043 1584 di·

37 1640 38 1651 *
63 1633 155 1673 cemus
177 1617 376 1691 paragrapho,
399 1634 477 1690 quae
498 1617 637 1692 sequitur.

117 1735 142 1771 2.
171 1715 310 1772 Potentia
329 1715 478 1772 abanim
497 1717 545 1773 vel
566 1716 667 1785 realis,
697 1733 774 1790 quae
795 1713 915 1790 proprie
936 1715 1043 1772 dicitur

62 1804 197 1878 potentia,
220 1814 265 1863 est
285 1805 330 1885 rei
348 1805 406 1862 iam
420 1806 576 1863 exsertantis
589 1806 729 1881 capacitas
749 1805 791 1863 ad
808 1805 928 1881 aliquem
942 1811 1041 1863 aetam.

62 1893 103 1951 Sic
122 1895 154 1951 in
176 1895 266 1952 Petro
287 1904 332 1951 est
347 1895 481 1968 potentia
496 1889 640 1969 (facultas)
655 1894 857 1969 intellegendi,
880 1911 956 1968 quae
978 1912 1042 1969 per·

61 1983 145 2040 ficitur
167 1993 235 2041 actu
256 1982 458 2057 intellegendi.
501 1986 554 2041 Est
573 1983 701 2058 proinde
723 1984 858 2059 potentia
881 1984 1043 2041 subiectiva

61 2073 169 2130 realitas
192 2072 341 2147 quaedam
362 2072 409 2130 vel
429 2082 512 2131 actus
531 2073 563 2129 in
583 2073 717 2131 subiecto
739 2073 871 2147 quodam
892 2073 1042 2141 exsistenS,

37 2175 38 2178 ’
60 2161 103 2235 qui
123 2160 235 2219 dicitur
255 2162 402 2236 potentia,
432 2172 577 2236 quatenus
599 2172 642 2220 est
663 2163 812 2237 capacitas
834 2161 983 2235 quaedam
1005 2162 1043 2219 ad

37 2307 38 2324 ἶ
59 2250 172 2324 aliquid.
203 2250 399 2325 Distinguitur
413 2251 467 2309 sub
481 2250 539 2309 hoc
553 2261 691 2326 respectu
705 2270 723 2308 a
737 2251 871 2326 potentia
885 2251 1041 2321 obiectiva,

37 2358 126 2414 quae
149 2339 264 2396 nullum
285 2339 376 2398 habet
403 2350 501 2399 actum
521 2342 551 2397 in
571 2342 671 2398 ordine
691 2342 896 2408 exsistentiam,
925 2341 979 2398 sed
1000 2350 1043 2397 est

37 2427 164 2492 ftantum
193 2428 327 2502 aptitudo
355 2428 394 2487 ad
421 2429 620 2488 exsistendum
647 2430 690 2488 rei
713 2430 848 2488 nondum
869 2430 1042 2498 exsistentia

57 2528 119 2591 puta
140 2517 183 2576 de
204 2518 399 2593 possibilitate
419 2516 523 2576 mundi
543 2528 612 2576 ante
635 2520 828 2578 creationem.

107 2615 251 2674 Potentia
271 2615 433 2675 subiectiva
453 2626 498 2674 est
518 2617 565 2674 vel
586 2618 736 2693 receptiva
757 2618 805 2675 vel
825 2617 988 2692 operativa.

107 2710 136 2789 a)
166 2714 307 2773 Potentia
334 2715 496 2773 subiectiva
522 2717 661 2791 receptiva
689 2726 732 2775 est
760 2717 900 2791 capacitas
934 2716 1048 2789 aliquid

55 2804 210 2880 recipiendi.
259 2804 308 2862 Sic
335 2804 367 2860 in
393 2822 541 2861 marmore
570 2815 615 2863 est
642 2806 775 2880 potentia
799 2806 951 2881 receptiva
972 2805 1044 2862 reci·
1140 2820 1141 2823 ’

54 2893 152 2967 piendi
175 2893 306 2950 formam
334 2902 444 2951 statuae
465 2894 498 2950 B.
521 2895 563 2952 M.
586 2895 623 2951 V.
652 2895 700 2951 vel
728 2895 849 2952 alicuius
877 2894 972 2952 sancti
995 2895 1043 2951 vel

53 2982 180 3039 sormam
202 2980 330 3038 tabulae.
372 2982 507 3040 Potentia
528 2983 578 3041 illa
599 2984 749 3059 receptiva
771 2994 814 3043 est
835 2984 882 3041 vel
903 2983 1043 3040 naturalis

53 3070 93 3127 vel
117 3068 370 3127 oboedientialis:

109 3284 115 3315 ¹
137 3283 293 3333 Notandum
312 3282 379 3331 hanc
397 3284 576 3347 proprietatem
596 3286 679 3332 locum
706 3284 799 3332 habere
825 3285 851 3331 in
877 3283 965 3330 ordine
991 3282 1041 3329 rei:

52 3366 74 3413 in
91 3366 187 3414 ordine
206 3363 361 3427 cognitionis
380 3364 445 3410 enim
466 3380 505 3411 res
524 3373 563 3412 est
581 3364 684 3410 omnino
703 3364 810 3410 inversa.
