2350 3700
152 148 204 205 2⁶4
527 158 566 193 on
584 156 763 193 carcooans.

150 307 185 362 id
188 352 197 374 ,
219 308 297 363 cuins
316 313 458 381 cmrceptus
477 325 534 361 nan
553 306 663 377 indagat
682 313 809 379 caneptu
829 306 949 361 alterins
969 306 1030 371 rei,
1053 323 1072 359 a
1092 323 1140 377 qua

144 395 281 469 formari
306 395 405 451 debeat
416 396 434 451 ¹.
489 396 577 451 Haec
607 394 688 451 enim
719 404 764 451 est
792 393 926 451 definitio
957 394 1037 451 entis
1067 412 1086 449 a
1113 410 1141 449 se

152 480 193 559 (p.
217 480 296 557 240).
336 485 418 541 Vera
437 494 524 553 esset,
545 483 569 539 si
589 483 680 540 unica
701 492 779 540 esset
799 481 964 539 substantia
985 499 1085 555 eaque
1105 480 1143 537 di-

152 575 231 645 vina,
253 572 335 630 cuius
355 590 404 630 res
423 583 543 630 creatae
563 590 626 629 non
647 581 746 629 essent
766 571 822 629 nisi
843 570 1088 629 modificationes
1101 572 1143 627 vel

153 661 330 721 accidentia.
365 663 457 718 Hanc
477 672 577 719 autem
598 660 766 719 doctrinam
788 660 1020 736 pantheisticam
1045 659 1143 717 salsam

151 768 231 822 esse,
259 751 320 808 iam
339 750 471 809 evidenti
491 749 677 825 experientia
696 750 816 807 interna
836 759 970 820 constat,
994 759 1026 807 et
1049 767 1089 807 ex
1108 747 1144 805 di·

152 839 257 898 cendis
279 839 310 896 in
330 839 509 897 theodicaea
529 839 783 913 comprobabitur.

214 949 240 986 2.
271 929 414 986 Definitio
437 928 578 985 Cartesii:
605 926 772 985 Substantia
791 936 833 985 est
853 945 915 995 res,
943 945 1018 1001 quaa
1040 929 1085 983 ita
1105 944 1146 983 ex·

152 1019 241 1086 sistit,
275 1025 309 1073 ut
334 1018 415 1074 inulla
441 1018 503 1073 alt'a
530 1035 563 1073 rc
588 1017 717 1091 indigeat
748 1018 791 1074 ad
814 1016 1035 1074 exsistendum³.
1089 1016 1145 1073 Soli

153 1107 233 1164 enim
254 1106 316 1164 enti
336 1126 355 1164 a
375 1124 407 1164 se
427 1108 477 1163 vel
497 1108 566 1164 Deo
586 1106 663 1163 haec
684 1105 818 1164 definitio
839 1106 990 1163 convenit.

213 1214 241 1268 3.
269 1196 412 1253 Definitio
439 1214 459 1252 a
485 1195 650 1252 Latmia·
678 1205 798 1253 statuta:
835 1194 1002 1252 Substantia
1031 1202 1077 1251 est
1102 1212 1147 1249 ens

152 1286 184 1341 ai
209 1284 313 1356 agendi
332 1284 503 1359 praeditam.
545 1284 724 1341 Formaliter
744 1284 825 1341 enim
845 1283 923 1342 haec
944 1293 989 1341 est
1009 1282 1146 1341 definitio

153 1383 285 1431 naturae.

482 1474 517 1522 11,
542 1474 661 1537 annia
678 1472 813 1522 accidmtis.

213 1595 273 1652 Vax
291 1597 437 1653 accidentis
458 1591 506 1670 (ab
520 1595 699 1666 accidendo,
722 1594 831 1653 cadere
852 1589 902 1669 ad)
926 1614 945 1652 a
957 1594 1152 1671 philosophis

152 1683 265 1759 duplici
286 1702 373 1743 sensu
400 1684 513 1760 accipi,
541 1684 602 1741 iam
629 1684 737 1742 scimus
765 1702 802 1742 ex
822 1683 988 1760 disciplinis
1010 1682 1151 1759 logicis⁴.

154 1773 326 1847 Aliquando
341 1774 422 1831 enim
437 1773 574 1848 designat
593 1792 685 1832 unum
706 1791 723 1831 e
745 1774 879 1848 quinque
893 1774 1152 1849 praestabilitas,

155 1862 289 1936 quintum
310 1863 438 1934 scilicet,
468 1873 498 1921 et
518 1873 588 1920 tunc
613 1863 758 1938 significat
779 1882 843 1922 rem
864 1863 1096 1922 consideratam
1117 1881 1154 1919 sc·

154 1953 273 2008 cundum
286 1953 406 2021 madum,
428 1971 482 2027 qna
500 1952 684 2027 praedicatur
705 1953 743 2010 de
758 1971 811 2010 suo
831 1952 975 2023 subiecto
1000 1963 1156 2026 quatenus

154 2039 267 2098 scilicet
287 2051 332 2099 est
352 2040 391 2112 id,
416 2041 499 2114 quod
520 2040 667 2098 essentiae
687 2041 747 2097 iam
768 2041 883 2116 integre
905 2041 1094 2099 constitutae
1117 2043 1157 2098 ita

217 2217 343 2267 ¹Baruch
370 2219 402 2266 de
427 2218 536 2282 Spinoza
564 2215 766 2281 (1632—1677)
798 2235 828 2267 ex
860 2219 997 2284 principiis
1030 2235 1086 2282 pro
1122 2236 1157 2266 ar-

154 2298 229 2346 bitrio
249 2314 264 2344 a
281 2314 309 2346 se
327 2299 416 2362 positis
435 2314 483 2362 per
501 2298 659 2347 intuitionem
678 2300 812 2362 quandam,
833 2307 860 2347 ut
876 2300 931 2363 ipse
950 2306 1033 2362 putat,
1056 2299 1157 2347 mathe-

155 2378 270 2426 maticam
284 2378 387 2427 deduxit
396 2378 591 2442 pantheismum.
618 2378 678 2426 Eius
690 2395 756 2442 opus
774 2379 939 2443 praecipuum
958 2389 999 2426 est
1015 2377 1157 2436 «Enicas,

156 2458 244 2506 ordine
263 2459 416 2522 geometrico
435 2459 608 2507 demonstrata
626 2465 652 2506 et
671 2459 695 2506 in
715 2459 825 2522 quinque
851 2467 936 2523 partes
962 2459 1108 2518 distincta,
1136 2460 1159 2506 in

155 2538 247 2602 quibus
266 2539 346 2602 agitur
368 2552 389 2587 1.
409 2539 441 2587 de
460 2539 532 2597 Deo,
560 2551 583 2586 2.
605 2539 637 2587 de
656 2546 745 2586 natura
764 2547 789 2586 et
814 2539 913 2603 origine
939 2539 1048 2597 mentis,
1082 2552 1109 2601 3.
1131 2541 1147 2586 d

156 2619 254 2683 origine
273 2627 298 2666 et
316 2626 406 2667 natura
424 2618 571 2677 affectuum,
595 2631 619 2677 4.
641 2619 673 2666 de
692 2618 812 2667 servitute
825 2619 940 2666 humana
958 2633 1005 2666 seu
1025 2619 1063 2667 de
1086 2619 1161 2668 affee-

156 2708 225 2747 tuum
244 2698 354 2758 viribus,
383 2707 405 2761 5.
426 2698 458 2746 de
477 2697 592 2762 potentia
610 2697 754 2746 intellectus
772 2714 817 2747 seu
836 2699 868 2748 de
887 2699 1005 2746 libertate
1031 2699 1159 2748 humana.

156 2779 239 2827 Prima
257 2778 329 2827 huius
348 2779 433 2842 operis
452 2778 529 2827 verba
548 2785 607 2826 sunt
631 2786 690 2826 octo
716 2777 889 2838 definitiones,
918 2778 982 2826 inter
1010 2794 1082 2842 quas
1111 2779 1159 2840 illa,

156 2876 231 2924 quam
250 2859 291 2908 hic
309 2857 447 2917 referimus,
468 2858 541 2906 tertia
559 2865 605 2906 est.
680 2855 792 2908 ²Princ¹
811 2859 875 2922 phil.
895 2859 922 2906 P.
942 2858 962 2917 I,
983 2854 1002 2922 ξ
1025 2870 1072 2922 51.

218 2937 228 2969 ⁸
249 2939 395 3004 Godefria'us
416 2940 551 2988 Guilelmus
569 2937 670 2987 Leibnin
690 2935 910 3002 (1647-1716):
939 2937 978 2985 Ex
1005 2941 1158 3004 praecipuis

157 3020 276 3084 operibus
293 3019 476 3083 philosophicis
494 3018 649 3067 nominanda
673 3026 744 3067 sunt:
777 3031 798 3067 1.
822 3019 976 3067 «Nouveaux
1003 3021 1090 3069 essais
1118 3037 1159 3068 sur

156 3099 354 3148 l'entendement
372 3099 498 3146 humain.»
528 3111 551 3148 2.
575 3099 676 3147 «Essais
695 3099 727 3148 de
746 3098 892 3148 Theodicee
911 3114 954 3147 sur
972 3099 998 3146 la
1017 3100 1106 3150 bonte
1127 3101 1158 3148 de

157 3181 231 3238 Dico,
252 3179 276 3226 la
294 3179 385 3228 liberte
404 3178 436 3226 de
455 3178 574 3227 l'homme
594 3187 619 3226 et
637 3178 755 3243 l'origine
768 3180 803 3226 du
815 3179 891 3227 mal».
919 3191 941 3240 3.
961 3179 1017 3226 «La
1030 3182 1155 3228 monado-

156 3259 250 3322 logie».
271 3284 304 3291 —
324 3258 390 3305 Edit.
410 3258 545 3305 Erdmann
563 3275 588 3320 p.
612 3271 669 3318 194.
689 3258 749 3318 468.
771 3269 830 3322 705.

218 3335 228 3363 ⁴
248 3335 286 3380 Cf.
307 3335 404 3398 Logica
422 3351 447 3397 p.
469 3348 500 3382 22
521 3344 546 3382 et
565 3348 606 3394 24.
