2350 3700
388 142 426 179 DE
445 142 654 180 nucroulrnrr.
968 138 1016 192 159

84 297 144 356 Sed
173 298 326 375 quidquid
353 309 398 359 est
419 300 457 359 de
479 299 599 358 errandi
619 299 826 375 possibilitate,
855 298 1018 358 reflexione

35 386 166 457 astitum,
198 389 261 447 hoc
283 400 313 447 ut
334 399 448 447 certum
469 400 656 464 compertum
677 388 836 448 habemus:
865 389 1019 447 auctoritas

32 477 179 545 :maeotim
202 481 350 535 criterium
370 486 412 536 est
430 478 604 536 certitudinis
624 480 784 551 legitimum.

80 564 255 638 Quomodo
284 586 356 626 vero
383 567 416 625 in
436 567 559 626 diversis
581 568 698 626 casibus
724 568 760 626 sit
781 566 1016 644 procedendum,

29 663 50 709 1t
63 655 191 713 errandi
202 656 339 733 pericula
348 665 592 733 praecaveantur,
604 656 781 731 quibusnam
791 655 1019 715 condicionibus

27 743 164 817 pecialia
186 746 347 805 hominum
367 745 537 805 testimonia
556 756 588 804 ut
606 746 738 821 legitima
753 746 810 805 sint
825 743 1017 823 aestimanda,

27 834 223 905 quandonam
245 836 379 895 absolute
400 836 458 894 sint
478 834 644 894 reicienda:
667 836 742 895 haec
763 835 864 895 omnia
881 835 940 893 iam
953 835 1019 893 bre·

26 920 91 979 riter
113 935 191 983 sunt
212 926 405 983 declaranda.

76 1012 129 1069 De
159 1015 287 1073 de'oersis
312 1015 456 1073 neminum
483 1016 653 1073 testimoniis.
678 1046 712 1055 -—
743 1016 765 1073 1.
787 1016 837 1073 De
864 1016 1019 1073 testimonia

26 1100 165 1163 historica.
184 1135 226 1143 -
249 1106 286 1163 A.
309 1104 370 1162 Sub
383 1104 494 1163 lumine
509 1104 734 1181 principiorum,
756 1104 794 1163 de
809 1104 916 1180 quibus
930 1122 1019 1181 supra

29 1190 169 1265 diximus,
207 1194 249 1251 ad
283 1211 386 1251 veram
420 1193 630 1252 certitudinem
660 1194 741 1252 circa
770 1194 849 1252 sacta
877 1193 1019 1253 historica

31 1283 267 1355 comparandam
288 1283 364 1341 haec
378 1282 412 1339 de
429 1285 596 1340 anctoritate
616 1285 725 1341 testium
742 1284 900 1357 generatim
921 1283 1018 1342 decla-

31 1368 78 1426 rari
98 1381 242 1446 possunt.

85 1480 110 1518 1.
143 1461 260 1535 Quoad
281 1462 423 1519 scientiam
443 1478 556 1519 eorum.

81 1550 128 1607 Ut
160 1550 201 1609 de
224 1549 348 1609 scientia
368 1550 485 1609 testium
500 1560 638 1609 constare
652 1550 745 1627 possit
763 1550 858 1623 nobis,
881 1560 1018 1610 constare

31 1634 118 1696 debet
132 1658 242 1699 sensus
263 1657 366 1698 eorum
380 1639 469 1698 firisse
490 1650 571 1700 recte
586 1640 746 1716 dispositos
761 1651 790 1699 et
805 1641 1019 1700 convenienter

29 1725 191 1787 adhibitos.
234 1730 298 1787 Iam
318 1744 406 1787 vero:

86 1811 115 1892 a)
143 1818 274 1893 «Quoad
295 1829 408 1878 rectam
428 1836 568 1878 sensuum
588 1818 823 1896 dispositionem.

87 1904 117 1981 α)
146 1909 276 1967 «Sensus
290 1909 407 1967 testium
422 1909 510 1967 fuisse
524 1919 606 1968 recte
621 1909 780 1985 dispositos
801 1910 921 1985 supponi
933 1909 1018 1977 debet,

32 1993 84 2053 nisi
110 1997 261 2056 motivum
289 1997 459 2074 suppeditat
479 1998 652 2073 dubitandi3
678 2017 750 2056 nam
779 2008 860 2057 recta
881 2016 1019 2058 sensuum

32 2083 188 2161 dispositio
216 2097 261 2146 est
285 2087 443 2162 naturalis3
469 2087 572 2147 vitium
602 2105 675 2147 vero
705 2087 891 2146 accidentale
920 2099 963 2146 est
991 2098 1020 2146 et

34 2173 277 2250 deprehenditur.

89 2263 120 2340 β)
145 2265 198 2324 ‹Si
211 2275 300 2324 testes
314 2276 382 2324 sunt
395 2265 487 2338 multi,
503 2265 606 2342 inepta
619 2285 739 2343 prorsus
754 2276 832 2324 esset
845 2266 1017 2325 dubitatio»

86 2350 115 2429 γ)
149 2356 243 2414 «Sunt
270 2354 419 2430 quaedam
450 2355 541 2428 facta,
570 2373 649 2430 quae
677 2355 767 2414 etiam
794 2355 929 2415 sensibus
948 2355 1020 2414 vitio

35 2443 132 2521 aliquo
163 2443 368 2503 laborantibus
396 2454 478 2503 recte
508 2445 624 2521 percipi
653 2455 791 2521 possunt,
822 2445 901 2504 unde
932 2445 1020 2504 illud:

35 2545 147 2601 ,notum
169 2532 318 2610 lippis‘.»¹

91 2618 119 2698 δ)
141 2625 179 2681 In
193 2622 278 2682 factis
291 2623 541 2696 extraordinariis
563 2634 642 2700 puta,
665 2625 898 2700 apparitionibus,
918 2623 1022 2682 diiudi-

36 2714 147 2785 candis,
170 2724 256 2771 caute
277 2713 503 2788 procedendum
524 2714 587 2785 erit,
617 2732 675 2773 nec
696 2713 844 2785 omnium,
866 2713 1022 2772 mulierum

38 2801 210 2876 praesertim
236 2804 284 2861 vel
312 2804 519 2878 parvulorum,
548 2803 683 2863 sensibus
711 2803 766 2862 erit
793 2803 961 2862 fidendum:
991 2803 1022 2861 in

39 2892 80 2951 his
101 2891 183 2951 enim
204 2890 321 2950 casibus
342 2902 439 2951 rectus
465 2911 534 2952 usus
554 2910 694 2951 sensuum
715 2893 889 2968 phantasiae
909 2893 1023 2968 influxa

41 2982 75 3040 de
95 2980 176 3039 facili
197 2982 392 3056 perturbatur.
433 2982 501 3040 Nec
521 2999 646 3058 magnus
667 2998 806 3040 numerus
826 2981 943 3039 testium
964 2983 1022 3041 tale

42 3071 147 3129 iactum
174 3070 366 3129 referentium
387 3088 476 3130 exse
497 3073 561 3130 solo
582 3089 702 3146 semper
729 3070 854 3129 sufficiet
881 3072 919 3129 ad
941 3071 1023 3130 dubi-

43 3160 180 3219 tationem
210 3178 332 3218 omnem
367 3159 447 3219 circa
477 3171 590 3219 rectam
624 3177 763 3219 sensuum
797 3159 1023 3236 dispositionem

102 3345 110 3376 ¹
128 3347 211 3404 Frick,
231 3346 329 3411 Logica
346 3363 371 3410 p.
393 3347 452 3408 265.
