2350 3700
107 158 158 207 342
389 159 428 195 DE
447 159 633 203 QUANTITATE
652 159 807 196 CORPOREA.

105 304 213 380 inquit,
238 306 286 363 «in
306 324 367 364 uno
388 306 470 376 loco,
492 307 566 365 fiunt
585 306 666 365 circa
686 306 767 365 idem
788 308 880 365 etiam
901 307 1049 366 exsistens
1069 306 1097 363 in

105 394 165 452 alio
186 395 271 468 loco3
291 396 363 453 hinc
383 395 407 453 si
428 397 552 466 calefiat,
575 397 599 455 si
621 397 767 471 frigescat,
789 398 813 455 si
831 397 950 468 sentiat,
975 397 1000 455 si
1016 396 1097 454 ratio·

105 482 220 543 cinetur
240 483 272 541 in
291 502 352 543 uno
372 486 450 555 loce,
473 486 580 555 calefit,
602 485 741 561 frigescit,
764 486 880 556 sentiat,
903 485 1099 544 ratiocinetur
1168 496 1169 507 ²

105 574 136 630 in
158 573 217 631 alio
237 575 316 645 loco,
338 575 369 632 in
390 592 451 649 quo
472 574 584 649 pariter
605 574 723 634 exsistit.
754 578 866 633 Verum
888 593 1099 650 quaecumque

106 662 169 720 fieri
197 663 372 737 contingunt
398 674 430 721 ut
457 664 643 723 consectaria
671 665 819 739 quaedam
839 665 1034 740 praesentiae
1060 664 1100 721 lo-

106 751 186 821 calis,
207 770 270 809 non
290 752 456 810 tribuuntur
476 753 605 828 corpori,
627 752 684 812 nisi
705 763 736 811 ut
757 754 851 812 estin
873 754 953 825 loco,
976 753 1032 811 nbi
1053 754 1100 811 illa

106 841 299 915 contingunt3
326 852 355 899 et
375 841 504 917 proinde
525 842 565 899 de
586 862 647 901 uno
676 843 844 917 eodemque
872 860 1007 917 corpore
1031 862 1099 901 con-

106 930 212 988 trariae
234 931 393 989 relationes
414 930 585 989 fundatae
578 951 609 989 m
629 933 703 990 mult
692 930 785 1008 tiplici
808 931 987 990 habitudine
1017 950 1099 1007 prae·

106 1018 219 1077 sentiae
239 1020 279 1077 ad
300 1019 417 1078 diversa
437 1021 506 1078 loca
532 1030 657 1095 possunt
682 1020 865 1096 praedicari:
895 1020 971 1079 sicut
999 1032 1101 1097 potest

106 1108 191 1166 simul
212 1118 290 1167 stare
311 1119 341 1165 et
360 1109 483 1180 moveri,
506 1126 571 1168 esse
593 1127 707 1167 sursum
729 1119 758 1168 et
778 1110 928 1181 deorsum,
952 1129 1019 1169 esse
1034 1129 1102 1185 pro
1168 1080 1169 1159 l

106 1197 251 1272 pinquum
271 1207 302 1254 et
321 1208 495 1256 remotum»
512 1198 521 1230 ¹
1168 1258 1169 1279 1

166 1289 242 1344 Item
263 1286 327 1345 lieri
342 1296 448 1362 potest,
471 1297 502 1343 ut
515 1288 564 1344 hic
580 1288 656 1345 fruat
645 1296 692 1345 tur
706 1288 781 1358 luce,
803 1287 896 1345 ibi't
859 1298 896 1345 s1t
910 1289 941 1345 in
957 1288 1101 1357 tenebris
1168 1292 1169 1319 ¹

106 1386 137 1433 ut
156 1376 248 1433 homo
269 1394 344 1434 unus
365 1377 517 1451 ingentem
538 1387 568 1434 et
595 1375 742 1451 integrum
770 1378 908 1436 efformet
935 1377 1103 1435 exercitum
1168 1364 1169 1427 l

108 1466 208 1540 quoad
238 1467 365 1523 localem
395 1466 610 1541 praesentiam,
637 1485 702 1523 non
728 1484 800 1523 vero
831 1466 931 1541 quoad
960 1467 1103 1525 virtutem

107 1554 217 1629 agendi
229 1555 247 1612 ².

518 1677 629 1717 sncrro
651 1678 680 1718 11.

470 1784 527 1830 DE
546 1784 728 1831 TEMPORE.

496 1926 662 1974 Axrrcunus
683 1938 700 1974 1.

168 2167 190 2222 I.
212 2177 256 2222 Ex
275 2173 486 2236 comparatione
506 2172 568 2220 eius
587 2187 653 2220 curn
672 2172 772 2234 spatio.
802 2163 882 2221 Sicut
897 2162 1037 2237 spatium,
1059 2162 1100 2218 ita

108 2263 137 2312 et
157 2264 274 2328 tempus
301 2254 392 2311 habet
419 2262 518 2327 partes
546 2251 682 2309 diffusas:
714 2250 841 2327 spatium
869 2250 950 2308 enim
979 2260 1025 2308 est
1053 2267 1099 2306 ex·

107 2342 204 2401 tensio
225 2361 262 2400 ex
282 2362 345 2400 non
366 2341 529 2416 interrupta
557 2340 634 2398 serie
664 2358 823 2416 corporum
852 2339 1014 2398 constituta
1041 2333 1099 2412 (ex·
1168 2417 1169 2420 Ἴ

107 2431 204 2490 tensio
225 2432 395 2506 quantitatis
415 2423 646 2505 pernranentis);
673 2439 791 2504 ternpus
811 2447 883 2487 vero
912 2427 1099 2486 constituitur
1168 2421 1169 2460 ³

108 2540 145 2579 ex
165 2539 228 2579 non
249 2521 413 2595 interrupta
433 2519 508 2577 serie
525 2521 721 2576 successionum
735 2528 831 2576 motus
847 2512 992 2591 (extensio
1008 2535 1100 2590 quan·

107 2609 196 2668 titatis
217 2603 422 2682 successivae).
451 2611 526 2666 Item
541 2607 616 2665 sicut
630 2607 755 2682 spatium
771 2607 933 2664 formaliter
949 2615 1100 2682 sumptum

109 2708 153 2756 est
167 2698 231 2774 ipsa
245 2699 295 2756 illa
309 2697 450 2767 extensio,
474 2697 663 2754 considerata
682 2705 712 2754 ut
727 2697 950 2771 receptaculum
964 2694 1099 2752 omnium
1168 2721 1169 2732 ³

108 2805 283 2862 corporum,
311 2787 352 2844 ita
373 2797 403 2845 et
422 2783 538 2862 tempu's
560 2785 722 2844 formaliter
744 2783 926 2843 considerari
948 2785 1043 2841 debet
1069 2793 1100 2840 ut

109 2887 212 2952 recept
201 2877 330 2934 taculum
350 2876 398 2933 vel
418 2893 558 2933 mensura
578 2874 799 2933 successionum
820 2882 925 2930 motus.

169 2966 245 3023 lllud
266 2964 393 3040 proinde
415 2974 458 3022 est
479 2964 556 3022 inter
583 2964 710 3038 spatium
738 2973 769 3020 et
795 2973 911 3037 tempus
939 2962 1098 3030 discrimen,
1161 3023 1169 3046 ἵ

109 3055 190 3127 quod
205 3064 271 3128 part
273 3072 304 3111 es
318 3053 405 3128 spatii
419 3054 477 3111 sint
490 3071 656 3128 permanen
658 3062 701 3110 tes
717 3047 876 3127 (quantitas
895 3045 1097 3125 permanens),
1161 3023 1169 3120 l

109 3142 251 3212 temporis
277 3158 349 3196 vero
377 3160 431 3214 par
432 3151 476 3198 tes
504 3141 646 3197 continuo
674 3141 766 3197 fluant
793 3133 954 3214 (quantit
922 3157 1099 3198 as-succes
1168 3144 1169 3161 ¹

171 3318 180 3348 ¹
198 3323 285 3382 Lepidi
301 3325 318 3370 l.
338 3342 359 3372 c.
379 3343 403 3388 p.
427 3340 483 3385 104.
559 3325 570 3356 ²
589 3330 627 3378 Cf.
648 3333 723 3379 Pcsclc
743 3333 759 3380 l.
780 3348 801 3380 c.
822 3333 854 3392 II,
883 3343 932 3396 154
952 3349 990 3398 sq.

1168 1428 1169 1491 l

330 2041 442 2089 norro
462 2039 640 2088 rsnroxrs
661 2039 871 2088 uvonvrrux.
