2350 3700
123 119 169 154 DE
192 120 352 157 TRANSITU
375 121 539 157 IMMEDIATO
558 120 596 157 EX
615 120 675 157 UNA
695 120 806 157 PROPOS.
826 119 855 155 IN
877 119 975 157 ALIAM.
1022 109 1056 169 63

450 287 618 333 Aurrcuaus
638 298 676 333 iv.

44 396 98 445 DE
119 398 324 461 TRANSITU
342 399 548 449 IMMEDIATO
569 399 616 447 EX
635 398 710 447 UNA
728 398 988 448 PROPOSITIONE
1006 398 1045 447 IN

282 479 396 528 ALIAM
415 478 493 528 SIVE
511 478 560 527 DE
579 478 838 527 ILLATIONIBUS.

467 608 484 675 ξ
506 624 527 660 1.
560 612 657 661 Notio.

108 736 165 793 Ex
189 736 334 795 doctrina
361 736 441 795 circa
461 746 576 793 mutuas
597 735 835 811 propositionum
861 736 1058 811 proprietates

43 836 257 901 compertum
270 826 414 883 habemus
428 836 560 883 mentem
574 834 707 884 nostram
720 842 757 883 ex
776 843 837 883 una
850 823 1056 900 propositione

44 932 114 972 non
148 933 227 973 raro
257 914 344 972 aliam
371 913 542 973 immediate
573 912 685 972 inferre
711 932 816 990 posse,
846 924 877 971 ut
897 932 965 972 cum
986 912 1057 971 dici·

45 1019 136 1061 mus:
165 1003 279 1062 Omnis
299 1004 390 1061 homo
411 1014 456 1062 est
476 1001 636 1061 rationalis.
670 1004 754 1078 Ergo
775 1002 881 1077 aliquis
898 1004 991 1061 homo
1013 1014 1057 1061 est

50 1092 232 1151 rationalis

118 1194 223 1250 Actus
250 1191 315 1263 ille,
338 1208 504 1266 quomens
531 1190 664 1265 aliquam
685 1190 920 1249 enuntiationem
944 1191 988 1249 sic
1007 1192 1056 1248 im-

53 1281 193 1349 mediate,
217 1282 235 1339 i.
259 1282 359 1339 esim
378 1282 436 1338 ullo
456 1280 630 1349 intermedio,
652 1297 689 1338 ex
709 1281 802 1337 altera
828 1280 925 1352 infert,
949 1279 1056 1339 dicitur

55 1369 167 1441 illati0,
185 1388 266 1445 quae
275 1370 404 1445 proinde
419 1370 570 1429 definitur:
594 1370 729 1445 operatio
739 1367 915 1440 intellectus,
930 1368 960 1426 vi
974 1368 1056 1429 cuius

55 1459 200 1535 aliquam
215 1458 448 1517 enuntiationem
463 1478 499 1517 ex
514 1460 608 1517 altera
628 1458 692 1517 sine
710 1457 888 1517 intermedio
903 1457 1056 1517 educimus

56 1567 107 1619 e0‚
133 1548 220 1623 quod
242 1566 309 1606 cum
330 1566 367 1606 ea
387 1548 541 1607 evidenter
563 1548 726 1623 colligatur.

125 1648 225 1705 Illatio
241 1646 322 1705 cuius
336 1646 540 1705 definitionem
554 1647 605 1706 hic
618 1646 768 1718 tradimus,
788 1665 850 1704 non
865 1664 934 1706 raro
948 1646 1056 1705 dicitur

56 1736 158 1795 illatio
189 1737 365 1805 immediata,
396 1746 428 1794 ut
462 1735 657 1812 distinguatur
685 1736 724 1793 ab
753 1734 885 1794 illatione
915 1735 1054 1806 mediata,

57 1844 143 1904 quae
165 1827 198 1884 fit
218 1842 277 1902 ope
292 1825 445 1885 cuiusdam
465 1824 634 1885 intermedii
655 1834 685 1884 et
698 1826 820 1902 proprie
833 1835 956 1885 vocatur
969 1825 1055 1884 rotza

56 1918 177 1975 cinz'um.
221 1916 352 1990 Quando
373 1917 411 1974 de
432 1917 557 1974 illatione
576 1917 637 1974 sine
657 1915 752 1973 addito
772 1933 871 1974 sermo
888 1926 940 1986 est,
962 1915 1054 1974 illatio

58 2005 242 2065 immediata
263 2016 307 2064 est
330 2005 539 2081 intellegenda.

124 2107 192 2162 Iam
219 2121 292 2163 vero
319 2105 429 2162 multae
456 2103 596 2163 illationis
616 2103 743 2180 species
760 2103 900 2179 distingui
921 2112 1053 2180 possunt.

60 2195 123 2252 Pro
146 2211 272 2252 munere
293 2210 365 2252 vero
387 2203 489 2252 nostro
510 2193 579 2251 satis
601 2194 671 2265 erit,
693 2193 776 2252 side
798 2192 854 2252 illis
875 2193 1055 2252 illationibus

60 2283 114 2340 hic
136 2282 312 2355 dixerimus,
342 2300 419 2357 quae
447 2281 478 2340 in
507 2281 747 2358 propositionum
775 2281 904 2341 relativis
924 2282 1055 2358 proprie·

60 2371 175 2430 tatibus
198 2371 358 2430 fundantur
370 2373 387 2431 ¹.

452 2510 469 2576 ὅ
489 2525 512 2562 2.
545 2513 670 2576 Species.

125 2636 287 2709 illationes,
309 2637 348 2696 de
363 2637 469 2712 quibus
482 2636 532 2695 hic
545 2635 706 2695 dicendum
721 2646 773 2707 est,
795 2636 834 2695 ad
849 2648 907 2696 tres
927 2635 1053 2712 proinde

65 2728 177 2786 classes
199 2725 302 2785 reduci
322 2735 460 2801 possunt:

126 2823 228 2883 Prima
249 2823 349 2883 classis
371 2833 415 2883 est
435 2843 545 2896 earum,
569 2841 646 2898 quae
665 2823 696 2881 in
711 2823 949 2899 propositionum
963 2825 1053 2898 acqui-

57 2915 202 2990 pollentia
232 2913 407 2972 fundantur:
442 2924 567 2989 utraque
597 2912 763 2988 propositio
793 2912 873 2971 idem
908 2911 1054 2987 signifieat

64 3003 193 3063 vocibus
214 3001 345 3062 diversis
388 3004 422 3061 E.
444 3017 488 3078 g.:
518 3000 631 3060 Anima
650 3002 781 3061 humana
808 3019 971 3076 numquam
991 3019 1053 3059 non

10 3101 12 3144 2
64 3093 161 3168 vivet3
197 3109 270 3166 ergo
306 3091 405 3150 anima
438 3092 568 3148 humana
598 3109 717 3167 semper
739 3089 826 3150 vivet.
855 3119 895 3129 -
922 3089 1053 3150 Necesse

133 3311 141 3343 ¹
161 3312 202 3361 ct.
223 3311 298 3360 Pescla
317 3310 334 3358 l.
354 3326 375 3359 c.
395 3310 415 3368 I,
437 3317 496 3370 377.
534 3307 643 3354 Lehmen
660 3306 677 3351 l.
697 3321 719 3351 c.
739 3305 759 3362 I,
780 3305 821 3352 88.
