<?xml version="1.0" encoding="UTF-8"?>
<!DOCTYPE html PUBLIC "-//W3C//DTD XHTML 1.0 Transitional//EN"
    "http://www.w3.org/TR/xhtml1/DTD/xhtml1-transitional.dtd">
<html xmlns="http://www.w3.org/1999/xhtml" xml:lang="en" lang="en">
 <head>
  <title>
</title>
<meta http-equiv="Content-Type" content="text/html;charset=utf-8" />
  <meta name='ocr-system' content='tesseract 3.04.00' />
  <meta name='ocr-capabilities' content='ocr_page ocr_carea ocr_par ocr_line ocrx_word'/>
</head>
<body>
  <div class='ocr_page' id='page_1' title='image "./elementaphiloso00reingoog_0360.png"; bbox 0 0 2350 3700; ppageno 0'>
   <div class='ocr_carea' id='block_1_1' title="bbox 92 137 793 199">
    <p class='ocr_par' dir='ltr' id='par_1_1' title="bbox 92 137 793 199">
     <span class='ocr_line' id='line_1_1' title="bbox 92 137 793 199; baseline -0.003 -14"><span class='ocrx_word' id='word_1_1' title='bbox 92 137 143 199; x_wconf 82' lang='lat'>328</span> <span class='ocrx_word' id='word_1_2' title='bbox 369 149 407 184; x_wconf 81' lang='lat' dir='ltr'>DE</span> <span class='ocrx_word' id='word_1_3' title='bbox 427 148 614 191; x_wconf 76' lang='lat' dir='ltr'><strong>QUANTITATE</strong></span> <span class='ocrx_word' id='word_1_4' title='bbox 633 146 793 183; x_wconf 76' lang='lat' dir='ltr'>CORPOREA.</span> 
     </span>
    </p>
   </div>
   <div class='ocr_carea' id='block_1_2' title="bbox 89 294 1157 1888">
    <p class='ocr_par' dir='ltr' id='par_1_2' title="bbox 89 294 1074 444">
     <span class='ocr_line' id='line_1_2' title="bbox 89 294 1074 370; baseline -0.003 -17"><span class='ocrx_word' id='word_1_5' title='bbox 89 297 183 370; x_wconf 78' lang='lat' dir='ltr'>effert</span> <span class='ocrx_word' id='word_1_6' title='bbox 195 295 309 355; x_wconf 86' lang='lat' dir='ltr'>entitati</span> <span class='ocrx_word' id='word_1_7' title='bbox 322 294 531 367; x_wconf 82' lang='lat' dir='ltr'>accidentium,</span> <span class='ocrx_word' id='word_1_8' title='bbox 546 314 625 370; x_wconf 89' lang='lat' dir='ltr'>quae</span> <span class='ocrx_word' id='word_1_9' title='bbox 640 304 795 353; x_wconf 84' lang='lat' dir='ltr'>remanent</span> <span class='ocrx_word' id='word_1_10' title='bbox 808 294 839 351; x_wconf 91' lang='lat' dir='ltr'>in</span> <span class='ocrx_word' id='word_1_11' title='bbox 850 312 901 352; x_wconf 90' lang='lat' dir='ltr'>sua</span> <span class='ocrx_word' id='word_1_12' title='bbox 910 294 1074 351; x_wconf 84' lang='lat' dir='ltr'>infirmitate</span> 
     </span>
     <span class='ocr_line' id='line_1_3' title="bbox 91 384 259 444; baseline -0.012 0"><span class='ocrx_word' id='word_1_13' title='bbox 91 384 259 444; x_wconf 85' lang='lat' dir='ltr'>constituta.</span> 
     </span>
    </p>

    <p class='ocr_par' dir='ltr' id='par_1_3' title="bbox 89 472 1079 801">
     <span class='ocr_line' id='line_1_4' title="bbox 150 472 1077 550; baseline -0.003 -17"><span class='ocrx_word' id='word_1_14' title='bbox 150 475 363 550; x_wconf 86' lang='lat' dir='ltr'>Repugnantia</span> <span class='ocrx_word' id='word_1_15' title='bbox 389 474 535 549; x_wconf 84' lang='lat' dir='ltr'>proinde,</span> <span class='ocrx_word' id='word_1_16' title='bbox 562 473 587 531; x_wconf 92' lang='lat' dir='ltr'>si</span> <span class='ocrx_word' id='word_1_17' title='bbox 614 492 675 548; x_wconf 90' lang='lat' dir='ltr'>qua</span> <span class='ocrx_word' id='word_1_18' title='bbox 702 473 834 544; x_wconf 85' lang='lat' dir='ltr'>adesset,</span> <span class='ocrx_word' id='word_1_19' title='bbox 866 483 942 531; x_wconf 90' lang='lat' dir='ltr'>esset</span> <span class='ocrx_word' id='word_1_20' title='bbox 969 472 1077 531; x_wconf 86' lang='lat' dir='ltr'>extrin-</span> 
     </span>
     <span class='ocr_line' id='line_1_5' title="bbox 89 561 1077 633; baseline -0.004 -10"><span class='ocrx_word' id='word_1_21' title='bbox 89 582 160 623; x_wconf 88' lang='lat' dir='ltr'>seca</span> <span class='ocrx_word' id='word_1_22' title='bbox 184 574 318 633; x_wconf 82' lang='lat' dir='ltr'>tantum,</span> <span class='ocrx_word' id='word_1_23' title='bbox 354 573 420 621; x_wconf 87' lang='lat' dir='ltr'>orta</span> <span class='ocrx_word' id='word_1_24' title='bbox 448 562 564 621; x_wconf 90' lang='lat' dir='ltr'>scilicet</span> <span class='ocrx_word' id='word_1_25' title='bbox 593 580 629 620; x_wconf 88' lang='lat' dir='ltr'>ex</span> <span class='ocrx_word' id='word_1_26' title='bbox 659 561 779 620; x_wconf 83' lang='lat' dir='ltr'>defectu</span> <span class='ocrx_word' id='word_1_27' title='bbox 809 561 932 619; x_wconf 89' lang='lat' dir='ltr'>alicuius</span> <span class='ocrx_word' id='word_1_28' title='bbox 959 579 1077 631; x_wconf 86' lang='lat' dir='ltr'>causae,</span> 
     </span>
     <span class='ocr_line' id='line_1_6' title="bbox 91 651 1079 728; baseline -0.003 -16"><span class='ocrx_word' id='word_1_29' title='bbox 91 672 168 728; x_wconf 92' lang='lat' dir='ltr'>quae</span> <span class='ocrx_word' id='word_1_30' title='bbox 198 652 366 711; x_wconf 86' lang='lat' dir='ltr'>accidentia</span> <span class='ocrx_word' id='word_1_31' title='bbox 395 651 426 709; x_wconf 92' lang='lat' dir='ltr'>in</span> <span class='ocrx_word' id='word_1_32' title='bbox 455 653 516 710; x_wconf 88' lang='lat' dir='ltr'>boc</span> <span class='ocrx_word' id='word_1_33' title='bbox 544 662 620 710; x_wconf 91' lang='lat' dir='ltr'>statu</span> <span class='ocrx_word' id='word_1_34' title='bbox 654 651 882 726; x_wconf 88' lang='lat' dir='ltr'>separabilitatis</span> <span class='ocrx_word' id='word_1_35' title='bbox 915 661 1079 710; x_wconf 84' lang='lat' dir='ltr'>sustentare</span> 
     </span>
     <span class='ocr_line' id='line_1_7' title="bbox 90 744 196 801; baseline 0.009 -1"><span class='ocrx_word' id='word_1_36' title='bbox 90 744 196 801; x_wconf 86' lang='lat' dir='ltr'>valeat.</span> 
     </span>
    </p>

    <p class='ocr_par' dir='ltr' id='par_1_4' title="bbox 90 829 1083 1084">
     <span class='ocr_line' id='line_1_8' title="bbox 153 829 1083 905; baseline -0.002 -15"><span class='ocrx_word' id='word_1_37' title='bbox 153 852 179 891; x_wconf 87' lang='lat'>2.</span> <span class='ocrx_word' id='word_1_38' title='bbox 208 832 269 891; x_wconf 88' lang='lat' dir='ltr'>Sed</span> <span class='ocrx_word' id='word_1_39' title='bbox 295 848 395 905; x_wconf 87' lang='lat' dir='ltr'>neque</span> <span class='ocrx_word' id='word_1_40' title='bbox 423 837 542 888; x_wconf 82' lang='lat' dir='ltr'>externe</span> <span class='ocrx_word' id='word_1_41' title='bbox 569 829 766 905; x_wconf 85' lang='lat' dir='ltr'>repugnantia</span> <span class='ocrx_word' id='word_1_42' title='bbox 790 831 836 888; x_wconf 89' lang='lat' dir='ltr'>vel</span> <span class='ocrx_word' id='word_1_43' title='bbox 859 830 1083 905; x_wconf 84' lang='lat' dir='ltr'>impossibilitas</span> 
     </span>
     <span class='ocr_line' id='line_1_9' title="bbox 90 918 1082 996; baseline -0.004 -15"><span class='ocrx_word' id='word_1_44' title='bbox 90 921 208 981; x_wconf 89' lang='lat' dir='ltr'>ostendi</span> <span class='ocrx_word' id='word_1_45' title='bbox 228 930 335 996; x_wconf 89' lang='lat' dir='ltr'>potest.</span> <span class='ocrx_word' id='word_1_46' title='bbox 376 920 536 978; x_wconf 79' lang='lat' dir='ltr'>Evidmter</span> <span class='ocrx_word' id='word_1_47' title='bbox 555 919 636 977; x_wconf 90' lang='lat' dir='ltr'>enim</span> <span class='ocrx_word' id='word_1_48' title='bbox 664 918 781 977; x_wconf 87' lang='lat' dir='ltr'>ostendi</span> <span class='ocrx_word' id='word_1_49' title='bbox 806 938 867 977; x_wconf 93' lang='lat' dir='ltr'>non</span> <span class='ocrx_word' id='word_1_50' title='bbox 896 930 994 995; x_wconf 88' lang='lat' dir='ltr'>potest</span> <span class='ocrx_word' id='word_1_51' title='bbox 1018 920 1082 977; x_wconf 89' lang='lat' dir='ltr'>hoc</span> 
     </span>
     <span class='ocr_line' id='line_1_10' title="bbox 91 1008 609 1084; baseline -0.006 -15"><span class='ocrx_word' id='word_1_52' title='bbox 91 1032 109 1069; x_wconf 89' lang='lat' dir='ltr'>a</span> <span class='ocrx_word' id='word_1_53' title='bbox 130 1012 198 1068; x_wconf 94' lang='lat' dir='ltr'>Deo</span> <span class='ocrx_word' id='word_1_54' title='bbox 218 1011 323 1069; x_wconf 88' lang='lat' dir='ltr'>saltem</span> <span class='ocrx_word' id='word_1_55' title='bbox 344 1008 408 1068; x_wconf 89' lang='lat' dir='ltr'>tieri</span> <span class='ocrx_word' id='word_1_56' title='bbox 426 1026 491 1066; x_wconf 93' lang='lat' dir='ltr'>non</span> <span class='ocrx_word' id='word_1_57' title='bbox 510 1026 609 1084; x_wconf 90' lang='lat' dir='ltr'>posse.</span> 
     </span>
    </p>

    <p class='ocr_par' dir='ltr' id='par_1_5' title="bbox 90 1097 1157 1533">
     <span class='ocr_line' id='line_1_11' title="bbox 150 1097 1153 1179; baseline -0.003 -22"><span class='ocrx_word' id='word_1_58' title='bbox 150 1099 255 1179; x_wconf 88' lang='lat' dir='ltr'>Primo</span> <span class='ocrx_word' id='word_1_59' title='bbox 282 1097 362 1157; x_wconf 91' lang='lat' dir='ltr'>enim</span> <span class='ocrx_word' id='word_1_60' title='bbox 390 1116 481 1156; x_wconf 92' lang='lat' dir='ltr'>nemo</span> <span class='ocrx_word' id='word_1_61' title='bbox 510 1107 592 1156; x_wconf 87' lang='lat' dir='ltr'>certo</span> <span class='ocrx_word' id='word_1_62' title='bbox 614 1097 772 1157; x_wconf 87' lang='lat' dir='ltr'>ostendere</span> <span class='ocrx_word' id='word_1_63' title='bbox 792 1109 893 1174; x_wconf 87' lang='lat' dir='ltr'>potest</span> <span class='ocrx_word' id='word_1_64' title='bbox 913 1100 1011 1157; x_wconf 87' lang='lat' dir='ltr'>Deum</span> <span class='ocrx_word' id='word_1_65' title='bbox 1030 1097 1080 1155; x_wconf 91' lang='lat' dir='ltr'>vel</span> <span class='ocrx_word' id='word_1_66' title='bbox 1152 1106 1153 1115; x_wconf 60' lang='lat'>¹</span> 
     </span>
     <span class='ocr_line' id='line_1_12' title="bbox 91 1186 1155 1264; baseline -0.004 -17"><span class='ocrx_word' id='word_1_67' title='bbox 91 1207 144 1247; x_wconf 92' lang='lat' dir='ltr'>ens</span> <span class='ocrx_word' id='word_1_68' title='bbox 164 1187 278 1246; x_wconf 86' lang='lat' dir='ltr'>infinite</span> <span class='ocrx_word' id='word_1_69' title='bbox 299 1188 465 1264; x_wconf 86' lang='lat' dir='ltr'>perfectum</span> <span class='ocrx_word' id='word_1_70' title='bbox 484 1206 548 1245; x_wconf 93' lang='lat' dir='ltr'>non</span> <span class='ocrx_word' id='word_1_71' title='bbox 569 1188 725 1246; x_wconf 88' lang='lat' dir='ltr'>exsistere:</span> <span class='ocrx_word' id='word_1_72' title='bbox 758 1188 840 1263; x_wconf 92' lang='lat' dir='ltr'>quod</span> <span class='ocrx_word' id='word_1_73' title='bbox 868 1206 906 1246; x_wconf 87' lang='lat' dir='ltr'>ex</span> <span class='ocrx_word' id='word_1_74' title='bbox 928 1186 1079 1261; x_wconf 87' lang='lat' dir='ltr'>theologia</span> <span class='ocrx_word' id='word_1_75' title='bbox 1154 1238 1155 1259; x_wconf 62' lang='lat'>,</span> 
     </span>
     <span class='ocr_line' id='line_1_13' title="bbox 90 1276 1156 1353; baseline -0.003 -17"><span class='ocrx_word' id='word_1_76' title='bbox 90 1278 217 1337; x_wconf 85' lang='lat' dir='ltr'>naturali</span> <span class='ocrx_word' id='word_1_77' title='bbox 245 1278 366 1353; x_wconf 89' lang='lat' dir='ltr'>patebit.</span> <span class='ocrx_word' id='word_1_78' title='bbox 423 1279 519 1334; x_wconf 90' lang='lat' dir='ltr'>Immo</span> <span class='ocrx_word' id='word_1_79' title='bbox 548 1278 609 1335; x_wconf 89' lang='lat' dir='ltr'>hoc</span> <span class='ocrx_word' id='word_1_80' title='bbox 638 1276 704 1352; x_wconf 89' lang='lat' dir='ltr'>ipso</span> <span class='ocrx_word' id='word_1_81' title='bbox 733 1287 859 1335; x_wconf 87' lang='lat' dir='ltr'>tractatu</span> <span class='ocrx_word' id='word_1_82' title='bbox 889 1276 1079 1335; x_wconf 86' lang='lat' dir='ltr'>ostendemus</span> <span class='ocrx_word' id='word_1_83' title='bbox 1155 1335 1156 1347; x_wconf 48' lang='grc'>,</span> 
     </span>
     <span class='ocr_line' id='line_1_14' title="bbox 90 1365 1157 1442; baseline -0.002 -18"><span class='ocrx_word' id='word_1_84' title='bbox 90 1386 195 1426; x_wconf 88' lang='lat' dir='ltr'>revera</span> <span class='ocrx_word' id='word_1_85' title='bbox 219 1367 359 1425; x_wconf 86' lang='lat' dir='ltr'>exsistere</span> <span class='ocrx_word' id='word_1_86' title='bbox 387 1384 439 1424; x_wconf 90' lang='lat' dir='ltr'>ens</span> <span class='ocrx_word' id='word_1_87' title='bbox 466 1366 620 1440; x_wconf 86' lang='lat' dir='ltr'>quoddam</span> <span class='ocrx_word' id='word_1_88' title='bbox 648 1385 666 1422; x_wconf 91' lang='lat' dir='ltr'>a</span> <span class='ocrx_word' id='word_1_89' title='bbox 694 1383 726 1424; x_wconf 91' lang='lat' dir='ltr'>se</span> <span class='ocrx_word' id='word_1_90' title='bbox 755 1376 784 1424; x_wconf 91' lang='lat' dir='ltr'>et</span> <span class='ocrx_word' id='word_1_91' title='bbox 810 1366 938 1442; x_wconf 91' lang='lat' dir='ltr'>proinde</span> <span class='ocrx_word' id='word_1_92' title='bbox 966 1365 1078 1423; x_wconf 90' lang='lat' dir='ltr'>infinite</span> <span class='ocrx_word' id='word_1_93' title='bbox 1156 1433 1157 1439; x_wconf 6' lang='grc' dir='ltr'>ἵ</span> 
     </span>
     <span class='ocr_line' id='line_1_15' title="bbox 91 1454 883 1533; baseline -0.003 -19"><span class='ocrx_word' id='word_1_94' title='bbox 91 1457 266 1532; x_wconf 86' lang='lat' dir='ltr'>perfectum,</span> <span class='ocrx_word' id='word_1_95' title='bbox 288 1456 371 1530; x_wconf 91' lang='lat' dir='ltr'>quod</span> <span class='ocrx_word' id='word_1_96' title='bbox 391 1466 435 1513; x_wconf 89' lang='lat' dir='ltr'>est</span> <span class='ocrx_word' id='word_1_97' title='bbox 456 1454 542 1513; x_wconf 90' lang='lat' dir='ltr'>huius</span> <span class='ocrx_word' id='word_1_98' title='bbox 561 1454 665 1513; x_wconf 91' lang='lat' dir='ltr'>mundi</span> <span class='ocrx_word' id='word_1_99' title='bbox 686 1464 810 1513; x_wconf 87' lang='lat' dir='ltr'>creator.</span> <span class='ocrx_word' id='word_1_100' title='bbox 875 1523 883 1533; x_wconf 32' lang='lat'>⁵</span> 
     </span>
    </p>

    <p class='ocr_par' dir='ltr' id='par_1_6' title="bbox 152 1542 787 1616">
     <span class='ocr_line' id='line_1_16' title="bbox 152 1542 787 1616; baseline -0.003 -13"><span class='ocrx_word' id='word_1_101' title='bbox 152 1545 221 1616; x_wconf 87' lang='lat' dir='ltr'>Sed,</span> <span class='ocrx_word' id='word_1_102' title='bbox 243 1544 371 1603; x_wconf 91' lang='lat' dir='ltr'>admissa</span> <span class='ocrx_word' id='word_1_103' title='bbox 384 1542 509 1602; x_wconf 85' lang='lat' dir='ltr'>¹interim</span> <span class='ocrx_word' id='word_1_104' title='bbox 531 1543 589 1602; x_wconf 90' lang='lat' dir='ltr'>Dei</span> <span class='ocrx_word' id='word_1_105' title='bbox 611 1544 787 1615; x_wconf 88' lang='lat' dir='ltr'>exsistentia,</span> 
     </span>
    </p>

    <p class='ocr_par' dir='ltr' id='par_1_7' title="bbox 91 1630 1083 1888">
     <span class='ocr_line' id='line_1_17' title="bbox 151 1630 1083 1709; baseline 0 -17"><span class='ocrx_word' id='word_1_106' title='bbox 151 1630 179 1708; x_wconf 89' lang='lat' dir='ltr'>a)</span> <span class='ocrx_word' id='word_1_107' title='bbox 201 1645 284 1693; x_wconf 86' lang='lat' dir='ltr'>certo</span> <span class='ocrx_word' id='word_1_108' title='bbox 305 1630 426 1708; x_wconf 87' lang='lat' dir='ltr'>probari</span> <span class='ocrx_word' id='word_1_109' title='bbox 447 1652 508 1691; x_wconf 91' lang='lat' dir='ltr'>non</span> <span class='ocrx_word' id='word_1_110' title='bbox 530 1642 629 1709; x_wconf 92' lang='lat' dir='ltr'>potest</span> <span class='ocrx_word' id='word_1_111' title='bbox 655 1634 905 1709; x_wconf 89' lang='lat' dir='ltr'>separabilitatem</span> <span class='ocrx_word' id='word_1_112' title='bbox 935 1634 1017 1693; x_wconf 86' lang='lat' dir='ltr'>illam</span> <span class='ocrx_word' id='word_1_113' title='bbox 1039 1652 1083 1692; x_wconf 87' lang='lat' dir='ltr'>re·</span> 
     </span>
     <span class='ocr_line' id='line_1_18' title="bbox 91 1720 1082 1800; baseline -0.002 -18"><span class='ocrx_word' id='word_1_114' title='bbox 91 1742 224 1800; x_wconf 87' lang='lat' dir='ltr'>pugnare</span> <span class='ocrx_word' id='word_1_115' title='bbox 236 1724 379 1799; x_wconf 82' lang='lat' dir='ltr'>potentiae</span> <span class='ocrx_word' id='word_1_116' title='bbox 392 1720 459 1793; x_wconf 88' lang='lat' dir='ltr'>Dei,</span> <span class='ocrx_word' id='word_1_117' title='bbox 482 1722 595 1797; x_wconf 91' lang='lat' dir='ltr'>quippe</span> <span class='ocrx_word' id='word_1_118' title='bbox 610 1722 661 1797; x_wconf 91' lang='lat' dir='ltr'>qui</span> <span class='ocrx_word' id='word_1_119' title='bbox 675 1722 775 1781; x_wconf 88' lang='lat' dir='ltr'>facere</span> <span class='ocrx_word' id='word_1_120' title='bbox 789 1722 883 1797; x_wconf 90' lang='lat' dir='ltr'>possit</span> <span class='ocrx_word' id='word_1_121' title='bbox 897 1723 1082 1793; x_wconf 87' lang='lat' dir='ltr'>immediate,</span> 
     </span>
     <span class='ocr_line' id='line_1_19' title="bbox 91 1810 776 1888; baseline -0.004 -15"><span class='ocrx_word' id='word_1_122' title='bbox 91 1814 174 1888; x_wconf 93' lang='lat' dir='ltr'>quod</span> <span class='ocrx_word' id='word_1_123' title='bbox 194 1812 265 1872; x_wconf 88' lang='lat' dir='ltr'>facit</span> <span class='ocrx_word' id='word_1_124' title='bbox 285 1810 484 1871; x_wconf 85' lang='lat' dir='ltr'>mediantibus</span> <span class='ocrx_word' id='word_1_125' title='bbox 506 1811 601 1871; x_wconf 89' lang='lat' dir='ltr'>causis</span> <span class='ocrx_word' id='word_1_126' title='bbox 622 1810 776 1886; x_wconf 71' lang='lat' dir='ltr'>secundis,</span> 
     </span>
    </p>
   </div>
   <div class='ocr_carea' id='block_1_3' title="bbox 91 1897 1087 2408">
    <p class='ocr_par' dir='ltr' id='par_1_8' title="bbox 91 1897 1087 2229">
     <span class='ocr_line' id='line_1_20' title="bbox 150 1897 1084 1977; baseline -0.001 -16"><span class='ocrx_word' id='word_1_127' title='bbox 150 1897 181 1977; x_wconf 88' lang='lat' dir='ltr'>b)</span> <span class='ocrx_word' id='word_1_128' title='bbox 203 1920 302 1976; x_wconf 90' lang='lat' dir='ltr'>neque</span> <span class='ocrx_word' id='word_1_129' title='bbox 324 1901 478 1960; x_wconf 90' lang='lat' dir='ltr'>evidenter</span> <span class='ocrx_word' id='word_1_130' title='bbox 497 1900 615 1959; x_wconf 85' lang='lat' dir='ltr'>ostendi</span> <span class='ocrx_word' id='word_1_131' title='bbox 628 1912 727 1976; x_wconf 86' lang='lat' dir='ltr'>potest</span> <span class='ocrx_word' id='word_1_132' title='bbox 741 1901 988 1960; x_wconf 83' lang='lat' dir='ltr'>sustentationem</span> <span class='ocrx_word' id='word_1_133' title='bbox 1002 1902 1084 1960; x_wconf 88' lang='lat' dir='ltr'>illam</span> 
     </span>
     <span class='ocr_line' id='line_1_21' title="bbox 91 1990 1086 2067; baseline 0 -18"><span class='ocrx_word' id='word_1_134' title='bbox 91 1991 290 2050; x_wconf 89' lang='lat' dir='ltr'>accidentium</span> <span class='ocrx_word' id='word_1_135' title='bbox 305 2008 472 2066; x_wconf 88' lang='lat' dir='ltr'>repugnare</span> <span class='ocrx_word' id='word_1_136' title='bbox 486 1992 640 2067; x_wconf 81' lang='lat' dir='ltr'>sapientiae</span> <span class='ocrx_word' id='word_1_137' title='bbox 654 1990 720 2048; x_wconf 93' lang='lat' dir='ltr'>Dei.</span> <span class='ocrx_word' id='word_1_138' title='bbox 744 1990 818 2063; x_wconf 88' lang='lat' dir='ltr'>Quis</span> <span class='ocrx_word' id='word_1_139' title='bbox 832 1991 912 2049; x_wconf 88' lang='lat' dir='ltr'>enim</span> <span class='ocrx_word' id='word_1_140' title='bbox 927 1991 1086 2050; x_wconf 92' lang='lat' dir='ltr'>hominum</span> 
     </span>
     <span class='ocr_line' id='line_1_22' title="bbox 93 2079 1087 2156; baseline 0.001 -19"><span class='ocrx_word' id='word_1_141' title='bbox 93 2081 282 2156; x_wconf 86' lang='lat' dir='ltr'>investigabit</span> <span class='ocrx_word' id='word_1_142' title='bbox 310 2081 371 2139; x_wconf 89' lang='lat' dir='ltr'>vias</span> <span class='ocrx_word' id='word_1_143' title='bbox 397 2079 486 2138; x_wconf 85' lang='lat' dir='ltr'>Eius?</span> <span class='ocrx_word' id='word_1_144' title='bbox 528 2079 603 2153; x_wconf 89' lang='lat' dir='ltr'>Quis</span> <span class='ocrx_word' id='word_1_145' title='bbox 632 2079 831 2138; x_wconf 88' lang='lat' dir='ltr'>consiliarium</span> <span class='ocrx_word' id='word_1_146' title='bbox 853 2080 925 2140; x_wconf 89' lang='lat' dir='ltr'>Eius</span> <span class='ocrx_word' id='word_1_147' title='bbox 954 2099 985 2140; x_wconf 92' lang='lat' dir='ltr'>se</span> <span class='ocrx_word' id='word_1_148' title='bbox 1015 2100 1087 2140; x_wconf 90' lang='lat' dir='ltr'>con·</span> 
     </span>
     <span class='ocr_line' id='line_1_23' title="bbox 92 2170 373 2229; baseline 0.004 -1"><span class='ocrx_word' id='word_1_149' title='bbox 92 2170 211 2229; x_wconf 88' lang='lat' dir='ltr'>stituere</span> <span class='ocrx_word' id='word_1_150' title='bbox 233 2170 373 2229; x_wconf 84' lang='lat' dir='ltr'>audebit?</span> 
     </span>
    </p>

    <p class='ocr_par' dir='ltr' id='par_1_9' title="bbox 94 2257 1086 2408">
     <span class='ocr_line' id='line_1_24' title="bbox 153 2257 1086 2334; baseline 0 -18"><span class='ocrx_word' id='word_1_151' title='bbox 153 2262 250 2317; x_wconf 93' lang='lat' dir='ltr'>Immo</span> <span class='ocrx_word' id='word_1_152' title='bbox 271 2260 398 2317; x_wconf 85' lang='lat' dir='ltr'>afferunt</span> <span class='ocrx_word' id='word_1_153' title='bbox 425 2257 558 2334; x_wconf 88' lang='lat' dir='ltr'>theologi</span> <span class='ocrx_word' id='word_1_154' title='bbox 585 2257 731 2330; x_wconf 86' lang='lat' dir='ltr'>rationes,</span> <span class='ocrx_word' id='word_1_155' title='bbox 760 2269 883 2334; x_wconf 90' lang='lat' dir='ltr'>propter</span> <span class='ocrx_word' id='word_1_156' title='bbox 911 2275 987 2332; x_wconf 89' lang='lat' dir='ltr'>quas</span> <span class='ocrx_word' id='word_1_157' title='bbox 1015 2277 1086 2318; x_wconf 87' lang='lat' dir='ltr'>con·</span> 
     </span>
     <span class='ocr_line' id='line_1_25' title="bbox 94 2347 876 2408; baseline -0.001 -2"><span class='ocrx_word' id='word_1_158' title='bbox 94 2349 218 2408; x_wconf 90' lang='lat' dir='ltr'>veniens</span> <span class='ocrx_word' id='word_1_159' title='bbox 238 2347 355 2407; x_wconf 90' lang='lat' dir='ltr'>videtur</span> <span class='ocrx_word' id='word_1_160' title='bbox 376 2367 440 2407; x_wconf 91' lang='lat' dir='ltr'>esse</span> <span class='ocrx_word' id='word_1_161' title='bbox 461 2349 561 2406; x_wconf 91' lang='lat' dir='ltr'>Deum</span> <span class='ocrx_word' id='word_1_162' title='bbox 582 2366 629 2406; x_wconf 91' lang='lat' dir='ltr'>res</span> <span class='ocrx_word' id='word_1_163' title='bbox 650 2347 692 2406; x_wconf 87' lang='lat' dir='ltr'>sic</span> <span class='ocrx_word' id='word_1_164' title='bbox 714 2348 876 2407; x_wconf 88' lang='lat' dir='ltr'>ordinasse.</span> 
     </span>
    </p>
   </div>
   <div class='ocr_carea' id='block_1_4' title="bbox 167 2531 1012 2726">
    <p class='ocr_par' dir='ltr' id='par_1_10' title="bbox 167 2531 1012 2726">
     <span class='ocr_line' id='line_1_26' title="bbox 506 2531 667 2589; baseline 0 -1"><span class='ocrx_word' id='word_1_165' title='bbox 506 2531 616 2588; x_wconf 71' lang='lat' dir='ltr'>Carus</span> <span class='ocrx_word' id='word_1_166' title='bbox 637 2547 667 2589; x_wconf 91' lang='lat'>11.</span> 
     </span>
     <span class='ocr_line' id='line_1_27' title="bbox 167 2627 1012 2726; baseline 0.001 -14"><span class='ocrx_word' id='word_1_167' title='bbox 167 2655 224 2712; x_wconf 82' lang='lat' dir='ltr'>nx</span> <span class='ocrx_word' id='word_1_168' title='bbox 245 2654 459 2712; x_wconf 76' lang='lat' dir='ltr'>Diuisione</span> <span class='ocrx_word' id='word_1_169' title='bbox 481 2627 696 2712; x_wconf 77' lang='lat' dir='ltr'>ouuxxan</span> <span class='ocrx_word' id='word_1_170' title='bbox 718 2654 1012 2726; x_wconf 79' lang='lat' dir='ltr'><strong>QUANTITATIS.</strong></span> 
     </span>
    </p>
   </div>
   <div class='ocr_carea' id='block_1_5' title="bbox 93 2785 1086 3219">
    <p class='ocr_par' dir='ltr' id='par_1_11' title="bbox 93 2785 1086 3219">
     <span class='ocr_line' id='line_1_28' title="bbox 154 2785 1086 2861; baseline 0.002 -18"><span class='ocrx_word' id='word_1_171' title='bbox 154 2785 319 2858; x_wconf 67' lang='lat' dir='ltr'>Quantitas</span> <span class='ocrx_word' id='word_1_172' title='bbox 341 2787 423 2844; x_wconf 88' lang='lat' dir='ltr'>cuius</span> <span class='ocrx_word' id='word_1_173' title='bbox 437 2786 592 2844; x_wconf 89' lang='lat' dir='ltr'>notionem</span> <span class='ocrx_word' id='word_1_174' title='bbox 606 2803 695 2861; x_wconf 85' lang='lat' dir='ltr'>supra</span> <span class='ocrx_word' id='word_1_175' title='bbox 708 2785 933 2858; x_wconf 86' lang='lat' dir='ltr'>deelaravimus,</span> <span class='ocrx_word' id='word_1_176' title='bbox 949 2785 981 2843; x_wconf 94' lang='lat' dir='ltr'>in</span> <span class='ocrx_word' id='word_1_177' title='bbox 995 2805 1086 2845; x_wconf 89' lang='lat' dir='ltr'>sensu</span> 
     </span>
     <span class='ocr_line' id='line_1_29' title="bbox 93 2875 1085 2950; baseline 0 -18"><span class='ocrx_word' id='word_1_178' title='bbox 93 2875 216 2950; x_wconf 90' lang='lat' dir='ltr'>proprio</span> <span class='ocrx_word' id='word_1_179' title='bbox 243 2886 274 2934; x_wconf 92' lang='lat' dir='ltr'>et</span> <span class='ocrx_word' id='word_1_180' title='bbox 297 2875 399 2934; x_wconf 89' lang='lat' dir='ltr'>stricto</span> <span class='ocrx_word' id='word_1_181' title='bbox 427 2886 490 2934; x_wconf 90' lang='lat' dir='ltr'>erat</span> <span class='ocrx_word' id='word_1_182' title='bbox 509 2886 644 2950; x_wconf 88' lang='lat' dir='ltr'>accepta.</span> <span class='ocrx_word' id='word_1_183' title='bbox 686 2875 778 2934; x_wconf 91' lang='lat' dir='ltr'>Haud</span> <span class='ocrx_word' id='word_1_184' title='bbox 805 2892 873 2933; x_wconf 88' lang='lat' dir='ltr'>raro</span> <span class='ocrx_word' id='word_1_185' title='bbox 901 2885 1002 2934; x_wconf 89' lang='lat' dir='ltr'>tamen</span> <span class='ocrx_word' id='word_1_186' title='bbox 1025 2895 1085 2934; x_wconf 89' lang='lat' dir='ltr'>vox</span> 
     </span>
     <span class='ocr_line' id='line_1_30' title="bbox 95 2964 1086 3040; baseline 0.002 -20"><span class='ocrx_word' id='word_1_187' title='bbox 95 2965 265 3038; x_wconf 87' lang='lat' dir='ltr'>quantitatis</span> <span class='ocrx_word' id='word_1_188' title='bbox 293 2983 375 3022; x_wconf 85' lang='lat' dir='ltr'>sensu</span> <span class='ocrx_word' id='word_1_189' title='bbox 403 2965 524 3040; x_wconf 87' lang='lat' dir='ltr'>quedem</span> <span class='ocrx_word' id='word_1_190' title='bbox 552 2965 689 3022; x_wconf 83' lang='lat' dir='ltr'>latissime</span> <span class='ocrx_word' id='word_1_191' title='bbox 717 2974 874 3040; x_wconf 89' lang='lat' dir='ltr'>usurpatur</span> <span class='ocrx_word' id='word_1_192' title='bbox 907 2966 946 3023; x_wconf 90' lang='lat' dir='ltr'>ad</span> <span class='ocrx_word' id='word_1_193' title='bbox 976 2964 1086 3040; x_wconf 88' lang='lat' dir='ltr'>signifi·</span> 
     </span>
     <span class='ocr_line' id='line_1_31' title="bbox 95 3052 1084 3131; baseline 0.001 -21"><span class='ocrx_word' id='word_1_194' title='bbox 95 3052 224 3110; x_wconf 89' lang='lat' dir='ltr'>candum</span> <span class='ocrx_word' id='word_1_195' title='bbox 244 3055 397 3126; x_wconf 81' lang='lat' dir='ltr'>quamlibet</span> <span class='ocrx_word' id='word_1_196' title='bbox 408 3053 617 3128; x_wconf 80' lang='lat' dir='ltr'>perfectionum</span> <span class='ocrx_word' id='word_1_197' title='bbox 637 3054 859 3126; x_wconf 83' lang='lat' dir='ltr'>magnitudinem</span> <span class='ocrx_word' id='word_1_198' title='bbox 885 3056 933 3113; x_wconf 85' lang='lat' dir='ltr'>vel</span> <span class='ocrx_word' id='word_1_199' title='bbox 950 3057 1084 3131; x_wconf 83' lang='lat' dir='ltr'>partium</span> 
     </span>
     <span class='ocr_line' id='line_1_32' title="bbox 93 3142 1085 3219; baseline 0.006 -23"><span class='ocrx_word' id='word_1_200' title='bbox 93 3142 279 3196; x_wconf 80' lang='lat' dir='ltr'>extensionem</span> <span class='ocrx_word' id='word_1_201' title='bbox 297 3142 355 3196; x_wconf 84' lang='lat' dir='ltr'>sive</span> <span class='ocrx_word' id='word_1_202' title='bbox 367 3143 581 3198; x_wconf 85' lang='lat' dir='ltr'>multitudinem.</span> <span class='ocrx_word' id='word_1_203' title='bbox 609 3142 680 3215; x_wconf 86' lang='lat' dir='ltr'>Quo</span> <span class='ocrx_word' id='word_1_204' title='bbox 694 3159 782 3200; x_wconf 90' lang='lat' dir='ltr'>sensu</span> <span class='ocrx_word' id='word_1_205' title='bbox 796 3153 922 3218; x_wconf 84' lang='lat' dir='ltr'>accepta</span> <span class='ocrx_word' id='word_1_206' title='bbox 936 3145 1085 3219; x_wconf 83' lang='lat' dir='ltr'>quantitas</span> 
     </span>
    </p>
   </div>
   <div class='ocr_carea' id='block_1_6' title="bbox 93 3222 1085 3368">
    <p class='ocr_par' dir='ltr' id='par_1_12' title="bbox 93 3222 1085 3368">
     <span class='ocr_line' id='line_1_33' title="bbox 93 3222 1085 3307; baseline 0.016 -31"><span class='ocrx_word' id='word_1_207' title='bbox 93 3222 233 3279; x_wconf 90' lang='lat' dir='ltr'>dividitur</span> <span class='ocrx_word' id='word_1_208' title='bbox 259 3226 423 3296; x_wconf 86' lang='lat' dir='ltr'>generatim</span> <span class='ocrx_word' id='word_1_209' title='bbox 451 3229 482 3284; x_wconf 92' lang='lat' dir='ltr'>in</span> <span class='ocrx_word' id='word_1_210' title='bbox 510 3230 706 3302; x_wconf 85' lang='lat' dir='ltr'>quantitatem</span> <span class='ocrx_word' id='word_1_211' title='bbox 726 3229 841 3290; x_wconf 89' lang='lat' dir='ltr'>virtutis</span> <span class='ocrx_word' id='word_1_212' title='bbox 866 3231 948 3290; x_wconf 86' lang='lat' dir='ltr'>etin</span> <span class='ocrx_word' id='word_1_213' title='bbox 969 3233 1085 3307; x_wconf 80' lang='lat' dir='ltr'>quanti·</span> 
     </span>
     <span class='ocr_line' id='line_1_34' title="bbox 93 3308 407 3368; baseline 0.025 -8"><span class='ocrx_word' id='word_1_214' title='bbox 93 3316 183 3361; x_wconf 88' lang='lat' dir='ltr'>tatem</span> <span class='ocrx_word' id='word_1_215' title='bbox 203 3308 407 3368; x_wconf 86' lang='lat' dir='ltr'>dimensivam.</span> 
     </span>
    </p>
   </div>
   <div class='ocr_carea' id='block_1_7' title="bbox 0 0 1183 3700">
    <p class='ocr_par' dir='ltr' id='par_1_13' title="bbox 0 0 1183 3700">
     <span class='ocr_line' id='line_1_35' title="bbox 0 0 1183 3700; baseline 0 0"><span class='ocrx_word' id='word_1_216' title='bbox 0 0 1183 3700; x_wconf 95' lang='lat' dir='ltr'> </span> 
     </span>
    </p>
   </div>
  </div>
 </body>
</html>
