2350 3700
153 145 204 193 204
525 144 765 181 muruouotoom.
1156 150 1157 205 y

212 292 330 366 Quodsi
344 292 530 368 syllogismus
544 303 645 350 careat
666 293 889 367 consequentia,
912 292 951 351 ad
965 292 1132 368 praemissas
1156 308 1157 373 y

151 382 292 457 repetitas
306 381 435 440 dicatur:
461 382 627 439 «Transeat
640 383 741 450 maier,
764 388 893 439 transeat
906 383 1016 439 mmor»
1027 403 1037 451 ,·
1056 399 1133 456 repe·

151 470 205 528 tito
218 468 328 528 deinde
343 479 556 546 consequente,
572 470 715 529 addatur:
733 469 835 543 «Nego
849 488 1014 544 consequens
1021 478 1135 546 propter
1156 500 1157 559 p

151 559 289 633 defectum
310 562 542 635 consequentiam
1156 560 1157 615 l

211 650 343 707 Demum
363 648 388 707 si
409 657 615 723 argumentum
636 658 731 707 totum
752 667 855 709 vemm
876 660 970 721 esset,
999 659 1059 707 tum
1080 668 1135 706 ma-

151 738 225 796 teria
246 748 308 796 tum
330 739 433 809 forma,
456 737 509 796 sed
530 755 594 795 non
614 739 747 813 probans
768 740 851 814 quod
872 749 916 798 est
940 737 1134 813 probandum,

151 828 348 902 responderet
361 827 544 886 defendens:
568 826 713 885 «Concedo
726 834 823 897 totum,
843 828 894 885 sed
903 827 975 902 quid
985 827 1028 883 od
1036 822 1132 883 reme»

213 918 264 975 IV.
288 915 398 973 Audita
419 914 549 990 denique
571 915 761 974 defendentis
782 915 978 992 responsione
1000 916 1039 973 ad
1065 915 1135 973 diffi-

152 1005 292 1064 cultatem
313 1004 506 1080 propositam,
529 1022 656 1080 arguens
677 1004 785 1074 videat,
808 1004 881 1080 quid
901 1005 1019 1063 adiciat.

215 1114 239 1153 1.
262 1094 292 1151 Si
313 1104 422 1169 negata
443 1094 530 1153 fuerit
551 1114 569 1151 a
590 1093 773 1153 defendente
793 1093 887 1152 maior
900 1095 948 1153 vel
963 1094 1068 1165 minor,
1089 1095 1133 1152 vel

151 1181 263 1241 dictum
285 1183 385 1241 fuerit:
415 1184 528 1242 Faveas
548 1183 678 1258 probare
699 1182 860 1252 maiorem,
883 1182 1047 1254 minorem,
1069 1194 1131 1253 etc,

151 1271 215 1347 ipse
243 1289 370 1347 arguens
397 1271 492 1330 dicat:
525 1272 636 1330 «Probo
656 1274 808 1329 maiorem»
839 1266 896 1345 (vel
924 1274 1058 1330 minorem
1078 1274 1132 1330 sub·

150 1356 311 1437 sumptam),
333 1370 363 1420 et
383 1378 463 1419 novo
485 1360 657 1436 syllogismo
678 1360 758 1419 illam
779 1361 903 1437 probet.¹

213 1471 238 1507 2.
262 1449 292 1507 Si
314 1449 487 1525 simpliciter
508 1460 617 1525 negata
638 1449 726 1508 fuerit
746 1450 970 1524 consequentia,
992 1451 1133 1519 ostendat,

150 1539 175 1597 si
196 1548 302 1614 potest,
325 1538 528 1613 syllogismum
549 1557 614 1597 esse
635 1538 806 1614 legitimum

212 1648 239 1702 3.
269 1628 300 1686 Si
321 1627 470 1686 distinctio
492 1627 625 1686 adhibita
646 1628 748 1700 fuerit,
776 1628 889 1705 duplici
909 1628 1002 1687 modo
1030 1626 1134 1703 poterit

151 1736 272 1793 urgere,
304 1716 417 1775 scilicet
444 1726 494 1774 aut
520 1717 681 1792 probando
702 1728 818 1792 partem
838 1729 992 1793 negatam,
1025 1726 1075 1775 aut
1101 1735 1157 1797 ex,

152 1816 236 1883 parte
271 1825 416 1866 concessa
449 1805 569 1865 ulterius
604 1806 767 1881 arguendo.
810 1806 1029 1866 Perfectissima
1062 1816 1135 1866 esset

151 1897 318 1972 disputatio,
341 1897 372 1954 in
394 1915 453 1970 qua
473 1895 553 1953 idem
574 1895 706 1954 medium
726 1914 846 1972 semper
867 1907 1020 1972 urgeretur
1034 1907 1136 1955 contra

151 1986 384 2061 defendentem,
405 1985 572 2044 cavendum
593 1996 693 2044 tamen
708 1996 760 2058 est,
782 2005 821 2044 ne
837 1985 1005 2044 cavillando
1020 1985 1135 2044 ulterius

150 2086 297 2150 urgeatur,
319 2076 374 2134 sed
395 2085 554 2150 postquam
575 2074 755 2133 sufficienter
772 2075 866 2134 soluta
880 2074 967 2134 fuerit
981 2074 1135 2133 difficultas

152 2182 188 2222 ex
209 2165 266 2222 hac
287 2175 372 2240 parte
393 2163 511 2235 molita,
534 2162 592 2221 alia
613 2164 743 2222 obiectio
765 2165 948 2238 proferatur,
970 2163 1073 2222 donec
1092 2164 1135 2221 vel

149 2254 283 2329 perfecte
298 2254 393 2312 soluta
407 2253 494 2311 fuerit
507 2251 650 2326 quaesti0,
666 2253 713 2310 vel
724 2253 890 2327 completus
901 2252 988 2310 fuerit
997 2272 1134 2312 numerus

150 2354 392 2418 argumentorum
414 2340 549 2416 arguenti
572 2350 677 2399 contra
705 2341 920 2400 defendentem
947 2359 1106 2400 concessus
1119 2342 1132 2397 ¹.

209 2431 402 2490 Consuetudo
424 2431 501 2488 ferre
522 2439 635 2507 potest,
656 2439 688 2486 ut
709 2440 776 2506 post
797 2431 1087 2506 argumentationem
1106 2432 1133 2486 in

143 2520 248 2594 forma
270 2537 347 2596 quae
368 2519 490 2590 dicitur,
521 2519 657 2594 arguenti
677 2517 766 2576 liceat
787 2519 931 2594 quasdam
952 2518 1133 2578 obiectiones

149 2616 234 2666 extra
256 2609 390 2682 formam
419 2607 554 2680 adicere,
585 2618 657 2665 tunc
687 2617 717 2666 et
744 2607 808 2683 ipse
836 2608 1004 2667 defendens
1032 2610 1133 2677 solut0,

149 2699 203 2757 etsi
224 2697 318 2770 brevi,
341 2716 479 2756 sermone
501 2697 684 2772 respondere
705 2696 823 2772 poterit.

213 2891 220 2921 ¹
239 2893 279 2941 lta
297 2893 349 2941 fere
368 2893 444 2941 Pesclr
462 2901 488 2941 et
506 2894 581 2941 Fm'cle
598 2892 614 2941 l.
633 2909 655 2942 c.
