2350 3700
405 136 443 171 DE
462 136 668 173 CERTITUDINE.
979 137 1027 190 175

46 280 171 353 ationis,
186 300 250 339 non
263 292 364 340 tamen
378 301 479 341 veram
493 302 529 341 ac
543 284 651 342 seriam
661 284 876 343 dubitationem
887 285 1029 345 inducere

45 372 152 429 valent.
182 371 230 429 Sic
244 390 271 429 e.
287 390 315 446 g.
337 372 361 430 si
380 391 454 430 unus
468 374 579 431 alterve
594 373 754 432 mediocris
768 384 871 432 auctor
885 374 915 432 in
931 374 1030 450 aliqua

45 477 75 517 re
94 459 261 518 scientifica
281 480 300 517 a
320 462 470 519 communi
491 461 655 537 peritorum
676 464 822 521 sententia
852 463 1027 536 discederet,

43 541 145 622 posset
164 549 266 624 utique
285 552 381 608 levem
395 550 622 609 haesitationem
636 551 757 622 inicere,
777 552 907 610 sednon
927 571 1029 611 veram

41 638 268 709 dubitationem,
279 657 339 713 qua
346 641 406 696 lata
413 640 462 697 illa
469 639 590 698 moralis
597 640 744 700 certitudo
750 642 1006 700 labefactaretur)
1022 645 1028 675 ¹

98 747 130 801 3.
153 729 207 785 Ex
213 735 302 803 porte
309 728 494 803 perfectionis
508 731 671 802 cognitionis
684 731 860 798 motivarum,
882 730 1029 789 certitudo

42 817 183 875 dividitur
203 817 234 874 in
255 818 416 875 naturalem
433 828 462 876 et
469 818 693 895 philosophicam
708 814 932 895 (scientificam),
955 821 1030 879 sicut

40 924 101 963 rem
125 925 217 981 supra
239 901 279 981 (p.
303 901 352 981 94)
374 907 570 965 definivimus.

98 1015 130 1067 4.
153 996 207 1052 Ex
220 1003 309 1071 parte
329 996 456 1069 influxus
475 998 647 1055 voluntatis:
674 996 705 1054 in
726 997 850 1055 liberam
878 1008 908 1056 et
928 1016 1030 1057 neces-

40 1086 157 1143 sariam.

96 1173 275 1231 Necessaria
300 1184 344 1231 est
364 1173 511 1232 certitudo
532 1174 571 1233 de
592 1174 778 1246 veritatibuS,
808 1174 838 1232 in
860 1175 965 1250 quibus
987 1194 1029 1233 as-

38 1282 143 1321 sensus
163 1273 208 1321 est
222 1262 377 1321 evidenter
398 1275 527 1333 coactus,
550 1263 591 1321 ita
611 1274 643 1322 ut
663 1266 798 1323 voluntas
819 1264 912 1340 possit
932 1265 1029 1339 ipsum

38 1352 198 1427 sequendo
226 1353 394 1427 approbare
422 1353 560 1428 quidem,
588 1354 672 1411 nullo
701 1352 792 1410 modo
821 1364 919 1411 autem
941 1354 1026 1425 serio,

15 1509 16 1516 ἵ
37 1451 183 1499 manente
204 1439 360 1511 evidentia,
383 1442 511 1500 retinere
533 1443 580 1500 vel
602 1459 752 1501 revocare.
788 1442 869 1500 Talis
890 1452 935 1500 est
955 1460 980 1500 e.
998 1461 1026 1517 g.

14 1537 18 1632 p
38 1529 197 1598 certitud0,
220 1548 309 1603 quam
329 1530 474 1589 habemus
495 1532 575 1589 circa
593 1530 730 1589 veritates
745 1549 849 1589 omnes
864 1530 1027 1606 primarias,

39 1636 118 1693 quae
144 1618 295 1677 evidentia
315 1619 487 1678 immediata
511 1620 604 1679 menti
624 1621 782 1693 affulgent,
811 1632 840 1679 et
867 1620 898 1677 in
928 1620 1028 1695 specie

39 1708 188 1765 certitudo
203 1706 242 1765 de
256 1708 435 1780 veritatibus
451 1727 524 1783 quas
539 1708 642 1767 dicunt
655 1708 818 1784 primitivas
838 1703 1027 1784 (principium

40 1796 287 1856 contradictionis
314 1816 339 1856 e.
362 1817 406 1874 g.,
435 1817 465 1874 p.
491 1794 566 1874 128).
609 1799 697 1856 Haec
725 1797 870 1857 certitudo
896 1817 1026 1870 omnem,

41 1887 130 1944 etiam
152 1886 381 1962 imprudentem,
404 1887 621 1946 dubitationem
643 1887 779 1946 excludit.

102 1976 206 2033 Libera
226 1986 271 2034 est
291 1977 438 2034 certitudo
460 1977 499 2034 de
513 1976 693 2048 veritatibus,
715 1976 746 2033 in
769 1977 875 2052 quibus
892 1995 1027 2036 assensus

39 2085 103 2122 non
131 2075 177 2123 est
198 2065 352 2123 evidenter
372 2076 505 2138 coactus,
535 2067 589 2124 sed
610 2064 823 2124 rationabiliter
843 2076 958 2124 tanturn
979 2085 1028 2124 ne·

38 2153 200 2224 cessarius,
228 2172 267 2212 ne
296 2154 500 2230 imprudenter
520 2165 638 2230 agatur,
667 2153 708 2213 ita
727 2165 759 2212 ut
779 2155 914 2212 voluntas
936 2156 1028 2231 possit

36 2245 78 2300 ob
101 2243 249 2301 rationem
276 2243 333 2300 sibi
353 2243 507 2320 propriam
529 2243 692 2302 intellectui
720 2243 868 2318 imperare
898 2262 1026 2319 eumque

37 2331 249 2403 determinare,
271 2341 303 2389 ut
324 2341 429 2391 contra
447 2351 529 2390 suam
544 2332 769 2391 inclinationem
790 2350 941 2391 assensum
962 2351 1028 2408 pru·

35 2423 162 2480 dentem
183 2439 245 2479 non
265 2431 404 2495 praestet,
426 2431 456 2480 et
474 2421 567 2497 possit
580 2422 670 2480 etiam
683 2439 835 2479 assensum
849 2422 1027 2497 prudentem

36 2511 205 2580 admittere,
227 2509 320 2568 immo
341 2510 466 2568 suadere
487 2519 517 2569 et
531 2512 688 2585 imperare.
717 2510 798 2568 Talis
813 2520 857 2568 est
871 2510 1025 2581 certitud0,

37 2618 130 2673 quam
149 2599 295 2656 habemus
315 2599 355 2658 de
382 2599 566 2670 veritatibus,
595 2617 670 2674 quas
697 2609 820 2674 propter
847 2599 1026 2658 evidentiam

37 2688 77 2746 de
98 2687 299 2763 imprudentia
319 2688 401 2746 dubii
423 2686 611 2746 admittimus.
655 2690 725 2746 Hoc
746 2697 845 2745 autem
875 2687 1026 2746 ordinario

37 2777 68 2834 in
96 2777 270 2836 veritatibus
297 2775 387 2852 ipsius
414 2777 485 2836 fidei
511 2777 651 2836 naturalis
680 2778 779 2835 locum
816 2777 927 2835 habere
968 2777 1026 2834 iam

38 2886 126 2941 supra
140 2861 181 2942 (p.
201 2861 268 2941 158)
290 2866 480 2924 ostendimus
511 2867 623 2940 Quanti
644 2885 716 2924 vero
737 2865 881 2924 momenti
902 2867 937 2924 sit
951 2866 1026 2924 haec

38 2956 75 3013 de
96 2957 193 3014 libera
213 2955 389 3013 certitudine
411 2954 548 3013 doctrina
568 2955 600 3012 in
621 2965 688 3013 actu
707 2953 776 3012 fidei
798 2955 1026 3031 supernaturalis

39 3043 228 3120 explicanda,
251 3043 479 3102 institutionibus
501 3043 678 3120 dogmaticis
699 3043 856 3118 apparebit
866 3044 884 3102 ⁹.

98 3245 107 3275 ¹
126 3247 211 3304 Marc,
231 3247 404 3295 Institutiones
423 3214 531 3296 morales
550 3263 575 3295 n.
597 3259 638 3308 31.

96 3323 107 3355 ¹
127 3325 168 3375 Cf.
188 3326 215 3374 S.
238 3326 339 3385 Hom„
365 3327 468 3388 Quaest.
489 3327 554 3390 disp.
574 3343 598 3389 q.
622 3339 667 3384 14,
689 3325 720 3372 de
739 3325 823 3382 verit,
845 3339 866 3372 a.
890 3337 910 3371 1.
942 3325 1024 3381 Pescla,
