2350 3700
151 162 200 211 192
523 163 762 200 nurttoootoott.

149 321 221 385 pote
248 328 354 385 parum
381 320 452 385 apte
474 321 640 386 assumpta,
671 329 774 370 veram
804 311 1058 387 probabilitatem
1087 328 1141 368 non

148 400 282 458 haberet

210 497 336 560 speciest
382 489 441 546 Pro
470 488 554 546 varia
582 497 689 547 natura
717 490 864 548 sactorum
893 489 1142 566 explicandorum

150 577 258 652 triplex
278 577 451 653 hypothesis
471 577 588 653 species
609 577 812 653 distinguitur:

209 666 331 742 Physica
358 676 415 737 est,
444 667 468 724 si
496 668 546 725 fiat
566 667 607 725 ad
627 666 822 742 explicandos
850 668 991 726 diversos
1016 667 1142 737 effectus,

150 755 201 830 qui
221 757 252 812 in
272 773 369 813 rerum
390 763 499 813 natura
523 754 718 830 contingunt,
747 765 777 814 et
802 774 931 832 quorum
961 776 1040 816 vera
1062 776 1144 815 causa

150 843 248 902 adhuc
269 863 331 902 non
353 844 423 902 satis
443 854 488 902 est
502 845 667 920 explorata.
702 845 751 903 sic
771 845 803 902 in
817 846 943 921 physica
965 848 1046 904 fiunt
1059 847 1157 920 hypoy

150 932 249 990 theses
263 932 345 990 circa
357 943 494 992 naturam
504 933 587 1003 lucis,
603 934 634 990 in
648 931 838 1009 physiologia
848 936 930 993 circa
939 917 1157 1010 sensationumi

150 1021 388 1080 transmissiones
409 1021 448 1079 ad
470 1022 636 1080 cerebrum.
1110 1039 1113 1044 ·
1156 1019 1157 1054 ³

209 1111 347 1178 Monalos,
370 1110 396 1167 si
416 1111 527 1169 fiatad
548 1111 748 1186 cogitationes
770 1121 800 1170 et
821 1111 966 1172 interiora
989 1105 1157 1171 hominum

150 1198 275 1258 consilia
295 1199 474 1274 detegenda.

211 1289 318 1361 Logica
337 1289 386 1346 vel
406 1288 639 1360 hermeneutica‚
663 1287 688 1347 si
709 1291 759 1347 fiat
780 1290 819 1348 ad
841 1309 962 1350 sensum
984 1293 1142 1349 verbomm

152 1396 188 1435 ac
209 1377 422 1436 sententiarum
442 1378 674 1452 explanandum.
710 1378 819 1453 Cogita
839 1397 865 1437 e.
885 1399 913 1455 g.
937 1381 977 1439 de
993 1381 1142 1438 locutione

155 1463 372 1541 «προκαθημένῃ
400 1468 449 1540 τῆς
478 1460 604 1540 ἀγάπης»
627 1467 708 1541 apud
730 1469 780 1526 SS.
802 1470 904 1527 Patres
933 1469 1117 1544 explicanda
1128 1471 1142 1525 ¹.

237 1648 260 1684 2.
287 1636 327 1683 Dc
343 1637 497 1698 argumentis
513 1637 711 1686 demonstrativis
727 1637 778 1687 siue
795 1637 824 1686 de
841 1638 1060 1688 demonstratione.

213 1767 311 1816 Notio.
357 1759 425 1815 Vox
455 1758 718 1818 demonstrationis
752 1769 850 1836 potest
880 1762 940 1818 lato
975 1771 1009 1818 et
1047 1762 1144 1819 stricto

153 1864 241 1905 seusu
261 1846 351 1905 sumi:

215 1937 309 1994 Sensu
338 1938 434 1995 stricto
468 1946 526 1995 est:
562 1941 787 2012 argumentatio,
823 1958 881 2014 qua
913 1957 950 1997 cx
977 1942 1147 2016 praemissis

153 2028 235 2083 certis
264 2033 292 2082 ct
319 2028 482 2084 necessariis
511 2029 647 2086 conclusio
676 2036 753 2086 certa
783 2035 811 2085 ct
836 2030 996 2087 neccssaria
1030 2032 1144 2087 cruitur.

155 2115 350 2174 Necessariae
374 2134 447 2174 vero
473 2116 611 2175 dicuntur
639 2118 821 2193 praemissae
849 2119 897 2177 vel
926 2118 1145 2187 conclusiones,

154 2222 232 2278 quae
267 2204 358 2275 aliae,
394 2223 430 2262 ac
460 2216 627 2280 ponuntur,
663 2225 728 2265 esse
763 2206 887 2265 omnino
921 2226 984 2265 non
1017 2218 1144 2284 possunt.

155 2294 332 2368 Exemplum
359 2293 444 2352 huius
472 2294 515 2353 rei
542 2295 636 2354 habes
656 2296 688 2353 in
714 2295 864 2372 principio
890 2296 1143 2356 contradictionis.

156 2382 272 2441 Dicitur
286 2382 376 2441 etiam
390 2383 537 2441 eiusmodi
547 2384 765 2460 argumentatio
775 2385 991 2444 demonstratio
1003 2387 1143 2461 perfecta.

155 2471 199 2529 Sit
223 2472 408 2548 exemplum:
437 2472 488 2543 Id,
518 2472 566 2531 cui
594 2473 667 2531 nihil
695 2473 766 2532 addi
794 2484 824 2533 et
844 2494 863 2532 a
883 2493 944 2549 quo
965 2475 1045 2532 nihil
1074 2472 1145 2533 demi

155 2571 268 2637 potest,
291 2571 335 2619 est
355 2560 547 2621 immutabile.
591 2562 683 2637 Atqui
705 2563 767 2621 enti
788 2562 903 2621 infinito
925 2562 1000 2621 nihil
1028 2564 1101 2622 addi
1120 2574 1144 2621 et

156 2652 195 2710 ab
223 2650 288 2726 ipso
315 2650 389 2708 nihil
417 2650 498 2709 demi
527 2661 634 2726 potest.
677 2654 759 2727 Ergo
787 2671 841 2711 ens
861 2652 1010 2711 infinitum
1033 2664 1081 2711 est
1101 2653 1145 2709 im·

156 2739 306 2799 mutabile.

217 2831 312 2888 Seusu
332 2847 404 2887 vero
425 2830 484 2887 lato
504 2830 721 2889 demonstratio
747 2830 897 2889 definitur:
926 2833 1142 2905 arguuuntatio,

158 2940 215 2996 qua
241 2938 278 2976 cx
291 2920 457 2996 praemissis
477 2921 559 2977 certis
578 2922 713 2978 conclusio
733 2928 810 2978 certa
830 2923 959 2990 eruitur,
984 2932 1017 2979 ut
1038 2921 1070 2979 in
1092 2923 1141 2981 hoc

156 3010 342 3085 syllogismo:
366 3008 480 3067 Omnes
500 3021 644 3085 martyres
666 3009 774 3068 Christi
788 3010 884 3085 gloria
904 3011 1099 3084 perfruuntur
1118 3006 1158 3073 inl

158 3100 251 3157 caelo
293 3096 386 3172 Atqui
415 3098 520 3155 beatus
549 3100 656 3157 Paulus
686 3108 730 3157 est
758 3098 867 3158 Christi
895 3110 1017 3175 martyr.
1067 3102 1140 3173 Ergo

157 3188 253 3262 gloria
273 3184 433 3262 perfruitur
453 3186 484 3243 iu
506 3188 600 3245 caelo.

221 3342 229 3373 ¹
249 3343 288 3390 cf.
308 3344 399 3399 Briick,
418 3343 681 3408 Kirehengeschichte
700 3343 718 3409 ἓ
738 3359 779 3407 21,
800 3356 851 3395 not.
874 3357 896 3409 5.
1151 3280 1158 3689 Ι
