2350 3700
151 175 201 227 ¹90
521 174 759 213 xrmtononoorx.

147 322 220 381 alius
241 322 394 381 cuiusdam
414 323 553 392 effectus,
584 324 667 382 cuius
687 342 807 383 oausam
828 324 917 398 plane
946 331 1142 397 perspectam

146 412 300 483 habemus,
321 412 467 471 rationem
488 413 673 488 sufficientem
693 430 757 470 non
777 412 930 483 habemus,
952 421 999 483 ut,
1017 418 1146 487 propter

146 501 355 559 similitudinem
374 501 406 559 in
427 502 551 572 effectu,
581 502 621 560 ad
646 519 767 560 causam
794 500 908 559 eandem
931 502 979 560 vel
1001 500 1144 560 eiusdem

147 590 260 666 speciei
280 608 348 649 cum
369 590 532 648 certitudine
553 590 775 649 concludamus.

207 679 286 738 Fieri
296 690 397 738 tamen
405 689 513 754 potest,
528 690 568 752 ut,
584 688 738 740 crescente
749 678 929 755 cognitionis
938 678 1145 754 perfectione,

148 769 213 845 ipsa
239 768 434 844 probabilitas
461 778 592 839 crescat,
621 768 713 827 immo
741 769 780 827 ad
801 788 903 828 veram
924 768 1146 827 certitudinem

147 868 284 916 transeat.
327 858 413 916 Tunc
441 868 649 933 argumentum
670 858 847 917 habebimus
874 858 1145 924 dentonstratinam,

148 946 230 1021 quod
251 946 398 1005 dicituro
412 948 500 1023 pari,
521 948 569 1005 vel
591 947 697 1017 etiam,
726 947 757 1005 in
778 947 956 1021 quibusdam
977 947 1145 1016 adiunctis,

147 1054 167 1091 a
181 1035 313 1108 fortiori.
356 1036 534 1111 Exemplum
561 1035 648 1095 huius
675 1036 718 1096 rei
746 1037 867 1095 affertur
895 1035 926 1093 in
949 1036 1146 1111 cosmologia

148 1133 179 1182 et
198 1124 229 1181 in
250 1124 436 1195 theodicaea,
458 1124 509 1183 ubi
530 1124 569 1183 de
584 1126 662 1197 Deo,
685 1124 827 1183 mirabilis
847 1125 932 1183 huius
952 1125 1062 1183 mundi
1086 1125 1145 1183 dis·

148 1213 303 1289 positionis
324 1213 505 1286 ordinatore,
527 1231 627 1273 sermo
648 1214 712 1273 erit.

208 1302 386 1377 Argumenti
407 1320 461 1379 per
482 1303 661 1379 analogiam,
683 1302 806 1379 quando
827 1304 865 1362 de
886 1305 973 1361 simili
991 1305 1144 1362 adsimile

149 1392 363 1463 concludimus,
386 1392 496 1467 duplex
518 1392 603 1469 quasi
623 1392 740 1469 species
761 1392 963 1468 distinguitur:

209 1480 325 1538 Dicitur
345 1481 506 1550 similimdo,
529 1483 660 1557 quanda,
683 1482 714 1540 in
735 1499 855 1557 genere,
879 1500 916 1541 ex
935 1481 1015 1540 notis
1029 1482 1062 1539 in
1079 1501 1142 1539 una

149 1588 181 1628 re
196 1569 282 1628 simili
296 1568 503 1628 exsistentibus
513 1571 718 1631 concludimus
732 1572 772 1630 ad
781 1570 981 1653 exsistentiam
995 1570 1141 1629 similium

148 1670 285 1717 notarum
306 1659 337 1716 in
359 1658 465 1717 ceteris
485 1659 573 1718 rebus
595 1659 753 1733 similibus,
781 1670 814 1717 ut
835 1660 957 1735 quando
981 1678 1019 1719 ex
1042 1660 1141 1736 requi·

148 1747 209 1806 sitis
230 1748 261 1805 in
282 1749 396 1823 templo
416 1747 560 1806 materiali
582 1748 789 1807 concludimus
809 1749 849 1807 ad
868 1748 1009 1824 requisita
1031 1749 1142 1809 similia
1162 1780 1163 1815 t

148 1836 179 1894 in
200 1837 313 1913 templo
334 1836 486 1913 spirituali,
509 1838 591 1913 quod
613 1846 657 1898 est
677 1838 785 1912 anima,
808 1838 939 1898 dicendo
961 1857 987 1898 e.
1009 1856 1057 1914 g.:
1089 1838 1142 1898 Ad

148 1927 290 2001 templum
312 1927 523 1985 exstruendum
542 1938 622 1986 terra
643 1927 715 1986 levis
736 1938 780 1987 est
794 1927 967 1987 effodienda
980 1939 1011 1987 et
1033 1930 1142 1986 sunda·

148 2025 249 2074 menta
268 2015 299 2072 in
322 2016 407 2073 firma
427 2026 513 2092 petra
533 2016 684 2091 ponenda.
721 2018 814 2093 Atqui
835 2017 949 2076 homini
970 2018 1140 2076 christiano

147 2104 178 2161 in
200 2105 300 2162 anima
320 2106 463 2180 templum
484 2107 551 2163 Deo
580 2115 624 2164 est
645 2107 863 2166 exstruendum.
906 2109 988 2182 Ergo
1017 2107 1049 2164 in
1073 2105 1162 2183 ipsal

147 2203 226 2251 terra
245 2193 333 2264 levis,
363 2194 550 2270 passionum,
580 2203 625 2252 est
645 2194 798 2254 reicienda
826 2207 856 2255 et
876 2194 976 2253 anima
996 2195 1028 2254 in
1050 2199 1141 2254 firma

148 2282 207 2340 lide
229 2292 259 2340 et
280 2281 423 2342 charitate
444 2283 631 2342 stabilienda.

208 2369 324 2429 Dicitur
350 2373 518 2448 exemplum,
548 2373 671 2448 quando
699 2391 716 2432 e
743 2391 775 2432 re
802 2384 886 2449 gesta
912 2373 943 2432 in
973 2392 1034 2431 uno
1068 2394 1139 2433 con·

148 2459 293 2518 cludimus
313 2460 352 2518 ad
373 2459 462 2518 aliam
483 2460 625 2533 similem,
648 2479 738 2536 quam
759 2462 822 2520 lieri
843 2480 932 2537 posse
953 2464 1000 2520 vel
1022 2462 1138 2522 debere
1160 2447 1161 2467 ¹

147 2549 364 2608 contendimus.
407 2551 450 2608 Ut
475 2550 598 2625 quando
627 2561 728 2608 orator
754 2571 773 2609 a
793 2552 881 2610 rebus
910 2550 1024 2610 sortiter
1044 2551 1138 2626 gestis

147 2657 166 2695 a
186 2638 295 2696 sanctis
315 2638 493 2714 martyribus
514 2637 668 2696 concludit
688 2639 727 2697 ad
749 2640 968 2710 fortitudinem,
998 2659 1058 2715 qua
1078 2659 1138 2699 nos

147 2727 203 2802 ipsi
224 2729 292 2786 Deo
314 2727 424 2786 servire
444 2727 597 2786 debemus.

207 2816 339 2888 Quando
366 2835 413 2874 res
433 2834 496 2874 non
516 2827 561 2874 est
582 2817 714 2888 realiter,
744 2817 797 2875 sed
818 2819 886 2876 ficte
906 2827 1020 2876 tantum
1040 2827 1136 2892 gesta,

147 2905 317 2980 exemplum
338 2905 445 2963 dicitur
460 2906 612 2980 parabola.

207 2995 240 3050 B.
261 2995 311 3050 De
331 2995 574 3066 argumentatione
588 3003 646 3070 per
665 2995 844 3071 hypothesim.
868 3026 907 3034 -
920 3005 1019 3054 Notio.
1040 2997 1135 3071 Argu-

147 3089 280 3136 mentum
306 3099 361 3154 per
385 3083 555 3156 hypothesim
581 3093 626 3140 est
653 3085 877 3156 argumentatio,
905 3104 962 3160 qna
982 3087 1046 3160 qnis
1065 3094 1134 3161 pro

141 3166 322 3236 positionem,
350 3171 427 3225 cuius
446 3173 553 3228 veritas
580 3172 704 3229 moutam
724 3180 766 3230 est
784 3174 992 3242 demonstrata,
1021 3175 1135 3232 interim

147 3253 265 3305 assumit
283 3259 427 3325 tamquam
447 3274 553 3325 veram,
575 3265 610 3314 at
627 3262 704 3317 ratio
724 3262 867 3334 efferatur
886 3280 992 3331 eornm,
1016 3283 1135 3337 quornm

147 3349 217 3387 vera
252 3338 328 3391 ratio
363 3349 501 3412 caniperta
539 3363 596 3400 oron
630 3354 677 3403 est.
729 3350 786 3406 Per
821 3350 1010 3425 hypothesim
1047 3369 1074 3409 e.
1105 3371 1133 3428 g.
