2350 3700
266 159 305 195 nu
325 158 433 198 xuxoo
453 132 638 197 soxxxursux
657 160 868 199 coxsruuxxro.
1009 161 1058 214 395

64 324 140 365 vero
162 306 244 377 illud,
268 317 391 383 propter
412 306 608 367 extrinsecam
629 309 715 367 unius
736 308 779 367 rei
800 309 839 367 ad
860 309 947 369 aliam
969 310 1061 369 finali-

65 405 174 467 tatem,
197 396 348 472 quandam
369 397 513 455 unitatem
533 397 565 454 iu
586 397 735 474 principio
756 397 932 458 manifestat.
968 401 1059 460 Unde

65 485 204 555 efficitur,
227 495 258 543 ut
277 504 363 545 meus
383 495 478 544 totum
498 487 726 547 substantiarum
740 486 856 547 illarum
871 490 1058 565 complexum

66 573 240 635 consideret
273 585 304 633 ut
337 575 518 652 principium
554 577 708 651 quoddam
743 578 877 637 ultimum
917 580 1059 637 internum

64 662 202 721 omnium
230 664 455 741 operationum
482 676 512 723 et
538 664 719 742 principium
748 666 819 725 illud
846 686 988 727 vocamus
1010 687 1060 725 na·

68 762 176 810 turam,
1006 810 1008 815 .

134 841 328 903 Manifestum
355 860 427 902 vero
456 855 501 903 ast
528 844 646 920 operari
674 845 746 902 illud
774 846 905 904 omnium
934 847 1055 904 substan

66 932 177 989 tiarum
197 932 352 992 collective
374 943 555 1009 sumpturum
576 932 684 992 eadem
707 934 772 993 fieri
798 934 999 995 uniformitate
1025 945 1058 993 et

67 1020 238 1079 constantia
261 1031 349 1097 atque
373 1021 492 1097 operari
519 1023 700 1098 singularum
729 1023 963 1083 substantiarum.
1001 1024 1059 1083 Ne·

67 1128 128 1184 que
150 1110 268 1182 mirum,
290 1129 359 1168 cum
380 1110 559 1188 singularum
576 1112 803 1172 substantiarum
818 1113 944 1173 finalitas
958 1113 1059 1172 intrin-

10 1211 11 1230 ³
66 1217 139 1277 seca
153 1217 210 1275 pro
225 1217 277 1259 sua
290 1218 428 1275 quaeque
443 1211 527 1276 parte
536 1202 688 1261 ¹rationem
703 1202 855 1261 contineat
867 1202 1058 1262 intrinsecam

67 1288 158 1348 totius
179 1288 264 1347 huius
284 1289 433 1349 finalitatis
453 1290 645 1349 extrinsecae.
682 1290 769 1363 Quae
790 1310 858 1350 cum
876 1292 917 1350 ita
931 1293 995 1364 siut,
1019 1293 1057 1352 de

10 1429 11 1460 r
67 1378 186 1453 legibus
208 1379 314 1437 mundi
332 1381 380 1438 vel
401 1389 523 1439 naturae
544 1379 700 1439 universae
721 1379 802 1439 idem
824 1380 983 1439 dicendum
1005 1393 1058 1453 est,

10 1462 11 1518 Ῐ
65 1467 154 1543 quod
176 1486 264 1544 supra
283 1462 324 1543 (p.
340 1471 396 1542 367
413 1463 470 1543 sq.)
492 1468 530 1527 de
550 1468 666 1543 legibus
687 1468 868 1544 singularum
888 1481 1058 1529 naturarum

10 1585 11 1632 l
67 1556 295 1617 declaravimus.

131 1648 177 1704 Ex
191 1646 332 1706 finalitate
346 1647 397 1705 illa
411 1647 471 1706 sive
487 1648 647 1707 intrinseca
661 1650 722 1708 sive
738 1649 904 1708 extrinseca
917 1660 946 1707 et
958 1649 1057 1725 legum

69 1735 240 1795 constantia
269 1746 358 1811 atque
388 1736 589 1796 uniformitate
620 1739 712 1796 oritur
743 1748 813 1797 ordo
841 1754 971 1807 naturae,
1009 1738 1060 1813 qui

68 1824 225 1884 definitur:
256 1832 326 1902 apta
347 1826 490 1903 dispositio
509 1844 607 1885 rerum
627 1828 838 1888 mundanorum
858 1828 901 1886 ad
917 1846 1059 1904 assequen-

69 1916 138 1973 dum
150 1917 252 1991 finem,
273 1917 331 1974 sive
349 1917 446 1992 cuique
457 1917 610 1992 specialem,
631 1919 689 1976 sioc
702 1917 827 1976 omnibus
840 1935 1007 1975 communem
1021 1949 1059 1956 -

70 2006 223 2063 consecutio
242 2022 310 2063 vcro
329 2005 477 2078 effectuum
497 2007 645 2064 secundum
665 2007 791 2065 ordinem
812 2014 934 2064 naturae
955 2004 1062 2065 dicitur

71 2109 175 2144 011ssssss
193 2101 316 2143 naturae·

132 2174 321 2233 Finalitatem
334 2186 433 2234 autem
447 2175 528 2234 illam
542 2175 573 2233 in
587 2177 700 2236 mundo
713 2178 899 2236 exsistentem
910 2177 1060 2252 requirere

70 2263 252 2339 principium
280 2264 434 2338 quoddam
458 2266 585 2322 altimum
606 2267 805 2337 extrinsecum,
834 2265 917 2342 quod
944 2266 980 2324 sit
1008 2283 1061 2324 ens

10 2424 11 2427 Ἴ
71 2373 89 2410 a
109 2371 142 2412 se
164 2352 307 2412 exsistens
328 2353 389 2413 sive
410 2356 508 2426 Deus,
537 2354 674 2430 proximo
702 2356 783 2431 quod
812 2357 942 2431 sequitur
963 2354 1060 2430 capite

72 2443 274 2502 ostendemus.

10 2520 11 2542 ³
132 2534 171 2590 ΙΙ.
198 2533 245 2599 Ex
268 2533 314 2590 his
335 2532 473 2591 omnibus
500 2532 658 2592 declaratis
686 2532 819 2608 intellegi
845 2543 959 2609 potest,
988 2532 1061 2608 quid

71 2621 108 2679 sit
128 2622 273 2692 naturale,
295 2622 525 2697 supernaturale,
547 2623 801 2698 praeternaturale
816 2624 832 2680 ¹.

136 2731 162 2766 1.
192 2709 342 2768 Naturale
370 2709 477 2788 dicitur
510 2710 541 2769 id
571 2730 676 2783 omne,
712 2711 794 2786 quod
825 2719 868 2770 est
898 2711 1060 2770 secundum

10 2856 11 2875 χ
72 2798 258 2874 exigentiam
280 2800 327 2858 vel
354 2799 432 2858 vires
458 2802 505 2858 vel
528 2801 681 2860 entitatem
702 2819 755 2860 seu
775 2799 992 2877 perfectionem
1012 2798 1062 2858 ali-

10 2880 11 2933 Ῐ
71 2888 154 2948 cuius
182 2897 305 2948 naturae
333 2887 520 2955 individualis
547 2891 595 2949 vel
624 2889 757 2950 omnium
785 2901 955 2949 naturarum
983 2907 1062 2948 crea-

71 2988 168 3045 tarum
188 2978 236 3036 vel
257 2977 438 3036 creabilium.
480 2978 613 3038 Dicitur:

10 3080 11 3115 ὲ
132 3062 161 3141 a)
183 3067 331 3125 scandum
351 3068 529 3141 exigentiam,
551 3069 570 3126 i.
593 3086 618 3128 e.
642 3069 775 3129 naturale
796 3069 902 3128 dicitur
916 3067 947 3126 id
962 3084 1060 3138 omne,

10 3174 12 3181 *
72 3149 133 3231 quo
155 3174 203 3216 res
224 3156 324 3232 aliqua
344 3156 471 3236 indiget,
493 3166 525 3215 ut
545 3157 739 3217 constituatur
759 3157 790 3216 in
811 3177 864 3218 suo
886 3175 959 3229 esse,
981 3165 1011 3215 et
1030 3166 1062 3214 ut

134 3344 143 3374 ¹
163 3345 202 3396 Cf.
223 3347 313 3411 Egger,
335 3345 439 3396 Euchir.
461 3345 538 3397 theol.
559 3348 716 3413 dogmaticae
735 3347 851 3412 specialis
871 3363 896 3396 u.
919 3357 975 3408 171.
