2350 3700
98 120 151 181 388
289 130 328 169 oz
348 130 449 168 csusrs
468 128 610 167 susannis
629 128 725 165 uuum
745 129 891 165 conronsr.

158 274 188 351 a)
207 279 384 354 spr‘ritualir:
403 295 481 352 quae
502 294 568 335 esse
581 285 611 334 et
631 294 722 352 agere
736 285 835 352 potest
848 275 1099 351 independenter

96 386 116 425 a
135 366 260 426 materia
281 361 393 441 (anima
411 360 570 440 humanal3

159 461 186 539 β)
207 466 381 523 matmblrr:
410 482 489 539 quae
515 480 575 522 nec
602 480 667 521 esse
694 480 754 521 nec
780 481 870 539 agere
899 474 1005 539 potest
1033 464 1100 523 sine

96 556 221 614 materia
241 549 358 629 (ornnes
378 554 454 612 aliae
476 554 591 612 formae
616 552 785 624 interiores,
813 551 876 611 sive
902 552 1098 612 mineralium

97 644 160 703 sive
180 644 382 720 vegetandum
402 644 465 702 sive
485 637 678 716 animalium).

157 734 229 791 Hoc
256 743 382 791 tractatu
410 732 450 791 de
480 731 584 790 formis
613 730 814 789 materialibus
844 731 1026 807 praesertim
1057 732 1100 789 lo·

97 823 223 897 quimur.
271 824 320 881 De
341 822 441 880 anima
467 822 614 892 humana,
642 830 732 896 prout
761 826 805 879 est
834 820 933 879 forma
955 820 1099 896 corporis

97 911 230 983 humani,
251 929 350 970 sermo
371 911 428 969 erit
447 911 479 967 in
500 908 738 987 anthropologia.

169 1094 187 1161 fi
207 1110 231 1147 2.
263 1100 307 1147 De
326 1105 426 1147 natura
445 1096 536 1160 ipsius
555 1096 681 1159 corporis
701 1097 842 1160 complete
862 1096 1020 1146 constituti.

158 1224 203 1280 Ex
231 1223 282 1293 iis,
311 1241 389 1299 quae
416 1223 555 1299 proximo
582 1224 708 1283 articulo
731 1222 882 1283 declarata
905 1234 987 1295 sunt,
1017 1224 1096 1281 haec

99 1330 168 1370 cum
188 1313 367 1372 certitudine
386 1313 489 1389 colligi
509 1324 636 1390 possunt
655 1312 737 1372 circa
756 1324 892 1371 naturam
913 1328 1094 1387 corporum:

159 1413 183 1469 Ι.
208 1410 298 1469 Omne
318 1420 418 1488 corpus
437 1420 479 1469 cst
497 1412 618 1487 alr'quod
632 1412 809 1488 compositum
830 1411 867 1469 e'x
887 1411 1003 1469 duabus
1021 1411 1096 1469 enti·
1168 1452 1169 1503 ᾗ

99 1499 207 1558 tatibus
227 1500 466 1559 substantialibus
481 1502 602 1559 realiter
614 1500 768 1572 distinctis,
790 1519 827 1560 ex
840 1500 966 1559 materia
979 1499 1097 1559 scilicet

101 1598 131 1647 et
151 1589 257 1649 forma.

160 1690 198 1746 II.
221 1690 267 1746 Ex
280 1688 499 1765 compositione
513 1688 631 1747 illorum
646 1686 861 1764 principiorum
875 1688 970 1746 oritur
983 1694 1099 1745 namra

98 1796 174 1845 una,
203 1776 273 1853 quia
300 1779 339 1836 ab
366 1778 432 1854 ipsa
457 1777 557 1835 forma
581 1776 707 1835 materia
733 1776 838 1849 habet,
866 1788 899 1835 ut
926 1776 1025 1835 taliter
1046 1779 1098 1835 vel
1168 1778 1169 1795 ³

99 1865 196 1924 taliter
216 1877 292 1942 agat.
321 1869 401 1926 Rem
421 1868 462 1925 ita
482 1876 557 1938 esse,
579 1885 617 1926 ex
637 1867 778 1925 finalitate
798 1867 961 1926 intrinseca
977 1875 1007 1925 et
1022 1885 1098 1925 con·

99 1956 187 2013 stanti
207 1955 301 2014 modo
321 1957 431 2032 agendi
452 1975 614 2032 corporum
635 1955 769 2015 eiusdem
790 1955 900 2032 speciei
926 1961 1017 2032 s'upra
1044 1957 1097 2015 de-

100 2046 243 2102 claratum
265 2056 316 2104 est.

160 2145 213 2202 Ill.
235 2143 360 2201 Natura
378 2145 431 2202 illo
451 2163 511 2202 una
530 2141 573 2202 est
589 2144 760 2202 substantio.
800 2129 889 2202 Vires
914 2144 995 2202 enim
1023 2144 1095 2204 illae

101 2250 215 2302 omnes,
237 2250 311 2308 quas
331 2233 363 2290 in
377 2232 553 2308 corporibus
571 2232 732 2309 explicatas
746 2232 890 2304 videmus,
911 2233 1095 2310 principium

100 2339 185 2380 suum
204 2320 340 2380 ultimum
360 2321 530 2380 necessario
548 2322 741 2381 substantiale
755 2339 820 2381 esse
834 2333 1014 2398 supponunt,
1035 2324 1093 2380 nisi
1168 2339 1169 2382 t

100 2411 133 2468 in
153 2410 259 2469 ordine
280 2410 504 2469 sustentantium
525 2427 699 2486 processum
719 2410 751 2468 in
772 2410 918 2470 infinitum
935 2411 1094 2470 admittere
1168 2415 1169 2418 ’

101 2499 234 2560 velimus.

161 2601 212 2657 IV.
235 2598 388 2657 Invenitur
409 2615 481 2673 ergo
502 2596 534 2654 in
554 2599 638 2656 omni
652 2615 789 2674 corpore,
810 2607 935 2673 propter
949 2599 1095 2658 unionem

101 2687 243 2747 materiae
271 2698 302 2746 et
328 2688 458 2758 formae,
487 2686 599 2757 unitas,
628 2705 705 2762 quae
727 2687 758 2744 in
779 2687 932 2761 ontologia
959 2683 999 2763 (p.
1024 2684 1095 2764 ²44)

102 2777 182 2836 dicta
209 2787 254 2835 est
274 2779 370 2835 unitas
391 2777 591 2852 compositionis
617 2777 830 2834 substantialis:
860 2776 1017 2835 «indivisio
1046 2779 1097 2835 ali·

102 2865 183 2926 cuius
204 2865 392 2938 substantiae,
415 2883 492 2941 quae
513 2875 630 2923 constat
649 2866 782 2941 pluribus
799 2864 931 2939 partibus
945 2867 1095 2926 essentiae

102 2956 193 3032 ipsius
214 2955 436 3014 constitutivis>.

154 3055 199 3110 .V.
222 3053 338 3124 Quibus
359 3052 497 3110 omnibus
517 3052 690 3121 declaratis,
719 3052 864 3127 sequitur,
888 3061 921 3109 ut
940 3062 1026 3112 recte
1047 3053 1096 3114 de·

102 3139 218 3193 finiatur
246 3161 363 3208 eorpus:
390 3149 547 3198 substantia
573 3149 741 3210 composita·
757 3165 790 3199 ex
807 3151 924 3200 materia
943 3160 972 3200 et
998 3153 1096 3213 forma,
1168 3144 1169 3150 ¹

103 3223 261 3308 nemraliter
286 3226 400 3284 exigens
425 3227 550 3276 localiter
574 3231 687 3277 extendi
715 3231 843 3291 trinaque
870 3231 953 3292 potiri
987 3233 1097 3284 dimen-

104 3309 192 3342 stone.
