2350 3700
350 175 388 210 Du
408 173 599 210 DEFlNlTIONE
617 174 752 212 TERMINI.
999 174 1032 224 27

95 322 137 378 Π.
161 322 363 379 arbitrarium.
405 323 448 380 Ut
475 321 554 379 enim
582 339 643 379 vox
671 321 740 396 equi
761 340 787 380 e.
809 341 836 397 g.
865 323 905 380 ab
931 323 1033 398 aliquo

26 410 163 468 homine
193 413 313 485 prolata
340 410 429 468 alium
457 410 578 468 inducat
605 411 638 468 in
665 412 870 486 cognitionem
898 412 1034 472 animalis

24 498 123 557 huius
145 500 339 557 determinati
361 510 390 558 et
410 517 473 557 non
487 499 560 557 alius
574 499 627 572 rei,
649 510 721 575 puta
734 501 858 573 arboris,
879 501 1034 560 hominum

26 587 164 646 arbitrio
187 588 276 646 unice
298 587 460 647 institutum
482 598 534 647 est.

96 679 154 734 111.
182 678 319 746 sensibile,
342 679 359 736 i.
382 696 408 736 e.
431 678 533 752 aliquo
554 677 648 736 modo
669 679 804 737 sensibus
825 678 960 755 corporis
984 698 1035 754 ap·

27 767 261 840 prehensibile:

98 853 131 912 Si
163 856 266 912 auditu
293 855 489 931 perceptibile
519 865 579 926 est,
610 855 718 914 dicitur
747 855 890 916 terminus
919 858 1032 925 vocalis,

29 945 206 1002 vocabulum
226 946 275 1003 vel
296 945 412 1013 locatio,
444 963 521 1020 quae
549 944 703 1004 definitur:
733 964 790 1004 nox
816 947 971 1004 artimlata
998 963 1035 1003 ex

31 1033 186 1091 bominum
207 1036 383 1092 institutione
403 1035 494 1092 ideam
514 1034 713 1109 manz‘J‘estans.
753 1035 884 1095 Dicitur:

101 1143 127 1182 1.
150 1143 220 1192 vox,
243 1123 261 1181 i.
282 1142 307 1182 e.
331 1141 420 1181 sonus
440 1122 576 1181 animalis
598 1141 652 1182 ore
672 1125 813 1201 prolatus

99 1233 127 1271 2.
151 1215 319 1281 articulata,
341 1212 359 1270 i.
381 1231 406 1271 e.
428 1212 584 1270 hominum
605 1230 658 1272 ore
678 1212 837 1272 artificiose
856 1212 897 1272 ita
917 1214 1034 1288 prolata

33 1302 65 1359 in
87 1303 192 1360 varias
212 1301 356 1361 flexiones
377 1311 407 1360 et
427 1311 542 1376 partes,
565 1313 597 1360 ut
618 1303 677 1360 sint
697 1304 781 1378 quasi
802 1303 890 1362 totius
904 1303 970 1362 soni
985 1301 1035 1360 ali·

33 1391 122 1450 cuius
144 1390 263 1450 articuli
284 1393 333 1450 vel
353 1392 497 1450 membra,

97 1481 132 1540 Si
152 1483 218 1538 visu
243 1479 418 1556 praesertim
439 1480 635 1557 perceptibile
662 1492 721 1553 est,
753 1481 862 1540 dicitur
890 1480 1033 1540 terminus

32 1572 163 1646 scriptus
184 1571 233 1628 vel
253 1572 405 1646 scribtura.

97 1661 154 1718 IV.
177 1661 322 1717 notionum
340 1659 593 1734 manifestativum.
622 1661 740 1734 Quibus
760 1660 860 1719 verbis
882 1659 1031 1717 indicatur

33 1748 212 1807 differentia
234 1749 384 1824 specifica,
407 1767 466 1824 qua
479 1749 623 1808 terminus
637 1750 826 1824 distinguitur
839 1751 877 1808 ab
892 1748 1031 1807 omnibus

32 1838 102 1897 aliis
126 1838 219 1914 signis
240 1837 443 1910 sensibilibus,
473 1857 550 1914 quae
570 1857 634 1897 non
656 1838 754 1911 ideas,
776 1839 830 1899 sed
851 1839 924 1897 alias
944 1837 1032 1895 affec·

30 1930 136 1987 tiones
151 1928 245 1986 animi
259 1928 458 2000 manifestant,
481 1945 508 1986 e.
523 1946 551 2003 g.
567 1948 585 1987 a
599 1928 830 1987 cachinnatione
843 1929 891 1986 vel
905 1930 1032 2003 ploratu.

97 2016 276 2075 Notandum
296 2026 399 2075 tamen
416 2016 610 2075 terminorum
624 2035 731 2076 munus
744 2036 807 2076 non
821 2018 852 2076 in
867 2034 905 2075 eo
919 2025 1032 2075 tantum

34 2125 119 2177 esse,
148 2116 181 2163 ut
201 2104 284 2167 ideas
306 2106 512 2178 manifestent,
540 2106 705 2165 sedetiam
725 2117 825 2165 utres
852 2105 931 2181 ipsas
958 2103 1033 2161 ideis

34 2206 204 2271 conceptas
225 2195 402 2272 exprimant.
434 2197 500 2255 Vox
519 2196 588 2255 solis
607 2214 632 2255 e.
649 2214 677 2272 g.
692 2214 755 2256 non
777 2195 914 2272 exprimit
934 2194 1034 2252 ideam

36 2284 108 2343 solis
131 2294 257 2356 tantum,
280 2285 334 2344 sed
349 2285 446 2361 ipsum
460 2286 554 2345 solem
570 2295 715 2361 quatenus
729 2285 890 2361 cognitum.
917 2284 1035 2340 «Voces

36 2374 208 2432 referuntur
229 2374 268 2433 ad
283 2392 331 2433 res
346 2373 556 2451 significandas
569 2374 722 2433 mediante
738 2373 938 2448 conceptione
952 2369 1035 2427 intel·

37 2465 188 2526 lectus.»¹

100 2552 253 2611 Omnibus
280 2564 436 2628 praeterea
465 2552 655 2611 manifestum
685 2562 729 2610 est
758 2550 904 2610 vocabula
934 2548 973 2605 ad
1004 2546 1035 2604 id

38 2642 170 2699 maxime
188 2641 278 2701 nobis
291 2641 444 2713 inservire,
466 2652 498 2700 ut
518 2643 584 2699 aliis
604 2641 688 2700 ideas
709 2650 825 2698 nostras
845 2637 1035 2695 manifestare

39 2731 198 2806 possimus.
224 2732 303 2789 Rem
318 2750 390 2790 vero
405 2731 545 2789 maturius
560 2729 754 2806 perspicienti
767 2747 831 2787 non
845 2726 942 2783 minus
956 2725 1035 2782 clare

40 2820 202 2895 apparebit
222 2838 279 2877 nos
300 2820 390 2879 etiam
411 2821 545 2878 nobismet
564 2821 633 2895 {osis
653 2820 789 2876 locutione
810 2816 895 2890 quasi
921 2816 1036 2869 interna

41 2908 123 2966 ideas
145 2908 324 2984 exprimere.
354 2912 392 2968 Et
413 2910 453 2968 ad
473 2910 553 2966 hanc
573 2907 757 2965 locutionem
778 2907 809 2962 in
831 2902 915 2978 praxi
932 2900 1036 2959 sedulo

42 2997 259 3057 attendendum
282 3008 340 3057 est:
372 2999 436 3056 aliis
457 2998 538 3056 enim
560 2997 640 3055 clare
668 2995 752 3052 ideas
779 2991 946 3067 exprimere
974 3006 1037 3045 non

43 3086 160 3160 poterit,
183 3086 241 3144 nisi
263 3088 314 3162 qui
335 3087 454 3146 sibimet
474 3086 530 3162 ipsi
545 3086 609 3143 illas
623 3083 704 3160 prius
718 3081 813 3139 nitide
828 3076 1005 3154 expresserit
1017 3076 1035 3123 ²·

106 3281 112 3312 ¹
134 3285 160 3331 S.
187 3283 284 3341 Thom„
305 3283 330 3331 S.
351 3282 429 3331 theol.
449 3282 470 3339 I,
491 3297 514 3343 q.
538 3292 577 3339 13,
599 3294 620 3325 a.
642 3290 664 3323 1.

104 3361 115 3393 ²
138 3364 193 3411 “La
211 3364 300 3427 parole
320 3378 335 3409 a
353 3378 388 3409 un
408 3360 503 3409 double
522 3357 591 3405 rdle:
618 3355 667 3402 elle
687 3360 738 3399 sert
757 3351 789 3395 de
807 3358 898 3405 moyen
918 3342 949 3386 de
976 3351 1039 3384 com-
