<?xml version="1.0" encoding="UTF-8"?>
<!DOCTYPE html PUBLIC "-//W3C//DTD XHTML 1.0 Transitional//EN"
    "http://www.w3.org/TR/xhtml1/DTD/xhtml1-transitional.dtd">
<html xmlns="http://www.w3.org/1999/xhtml" xml:lang="en" lang="en">
 <head>
  <title>
</title>
<meta http-equiv="Content-Type" content="text/html;charset=utf-8" />
  <meta name='ocr-system' content='tesseract 3.04.00' />
  <meta name='ocr-capabilities' content='ocr_page ocr_carea ocr_par ocr_line ocrx_word'/>
</head>
<body>
  <div class='ocr_page' id='page_1' title='image "./elementaphiloso00reingoog_0385.png"; bbox 0 0 2350 3700; ppageno 0'>
   <div class='ocr_carea' id='block_1_1' title="bbox 324 155 1055 208">
    <p class='ocr_par' dir='ltr' id='par_1_1' title="bbox 324 155 1055 208">
     <span class='ocr_line' id='line_1_1' title="bbox 324 155 1055 208; baseline 0 -16"><span class='ocrx_word' id='word_1_1' title='bbox 324 157 362 192; x_wconf 79' lang='lat' dir='ltr'><strong>un</strong></span> <span class='ocrx_word' id='word_1_2' title='bbox 381 157 575 200; x_wconf 75' lang='lat' dir='ltr'><strong>Qunnrrrnrrs</strong></span> <span class='ocrx_word' id='word_1_3' title='bbox 596 157 797 194; x_wconf 75' lang='lat' dir='ltr'><strong>Ltumarmnu.</strong></span> <span class='ocrx_word' id='word_1_4' title='bbox 1005 155 1055 208; x_wconf 84' lang='lat'><strong>353</strong></span> 
     </span>
    </p>
   </div>
   <div class='ocr_carea' id='block_1_2' title="bbox 10 303 1059 3139">
    <p class='ocr_par' dir='ltr' id='par_1_2' title="bbox 60 303 1057 914">
     <span class='ocr_line' id='line_1_2' title="bbox 63 303 1055 379; baseline 0.002 -17"><span class='ocrx_word' id='word_1_5' title='bbox 63 305 180 362; x_wconf 88' lang='lat' dir='ltr'><strong>finitum</strong></span> <span class='ocrx_word' id='word_1_6' title='bbox 201 303 336 379; x_wconf 87' lang='lat' dir='ltr'><strong>potentia</strong></span> <span class='ocrx_word' id='word_1_7' title='bbox 356 313 400 363; x_wconf 90' lang='lat' dir='ltr'><strong>est</strong></span> <span class='ocrx_word' id='word_1_8' title='bbox 420 303 467 375; x_wconf 93' lang='lat' dir='ltr'><strong>id,</strong></span> <span class='ocrx_word' id='word_1_9' title='bbox 496 304 579 379; x_wconf 90' lang='lat' dir='ltr'><strong>quod</strong></span> <span class='ocrx_word' id='word_1_10' title='bbox 599 304 724 362; x_wconf 89' lang='lat' dir='ltr'><strong>limitem</strong></span> <span class='ocrx_word' id='word_1_11' title='bbox 744 322 807 362; x_wconf 92' lang='lat' dir='ltr'><strong>non</strong></span> <span class='ocrx_word' id='word_1_12' title='bbox 835 304 925 363; x_wconf 90' lang='lat' dir='ltr'><strong>habet</strong></span> <span class='ocrx_word' id='word_1_13' title='bbox 952 304 984 362; x_wconf 90' lang='lat' dir='ltr'><strong>in</strong></span> <span class='ocrx_word' id='word_1_14' title='bbox 1011 305 1055 377; x_wconf 83' lang='lat' dir='ltr'><strong>iis,</strong></span> 
     </span>
     <span class='ocr_line' id='line_1_3' title="bbox 63 393 1057 470; baseline 0 -18"><span class='ocrx_word' id='word_1_15' title='bbox 63 411 144 470; x_wconf 89' lang='lat' dir='ltr'><strong>quae</strong></span> <span class='ocrx_word' id='word_1_16' title='bbox 158 393 270 452; x_wconf 89' lang='lat' dir='ltr'><strong>habere</strong></span> <span class='ocrx_word' id='word_1_17' title='bbox 284 401 391 468; x_wconf 88' lang='lat' dir='ltr'><strong>potest,</strong></span> <span class='ocrx_word' id='word_1_18' title='bbox 413 393 468 451; x_wconf 90' lang='lat' dir='ltr'><strong>etsi</strong></span> <span class='ocrx_word' id='word_1_19' title='bbox 482 393 646 451; x_wconf 88' lang='lat' dir='ltr'><strong>secundum</strong></span> <span class='ocrx_word' id='word_1_20' title='bbox 662 411 707 463; x_wconf 89' lang='lat' dir='ltr'><strong>ea,</strong></span> <span class='ocrx_word' id='word_1_21' title='bbox 730 412 806 468; x_wconf 90' lang='lat' dir='ltr'><strong>quae</strong></span> <span class='ocrx_word' id='word_1_22' title='bbox 822 394 920 464; x_wconf 90' lang='lat' dir='ltr'><strong>habet,</strong></span> <span class='ocrx_word' id='word_1_23' title='bbox 943 394 1057 452; x_wconf 87' lang='lat' dir='ltr'><strong>finitum</strong></span> 
     </span>
     <span class='ocr_line' id='line_1_4' title="bbox 61 482 1056 561; baseline -0.001 -19"><span class='ocrx_word' id='word_1_24' title='bbox 61 494 118 542; x_wconf 88' lang='lat' dir='ltr'><strong>est.</strong></span> <span class='ocrx_word' id='word_1_25' title='bbox 147 483 296 542; x_wconf 87' lang='lat' dir='ltr'>Numerus</span> <span class='ocrx_word' id='word_1_26' title='bbox 316 482 446 557; x_wconf 87' lang='lat' dir='ltr'>proinde</span> <span class='ocrx_word' id='word_1_27' title='bbox 466 482 595 540; x_wconf 86' lang='lat' dir='ltr'><strong>infinitus</strong></span> <span class='ocrx_word' id='word_1_28' title='bbox 616 482 751 561; x_wconf 84' lang='lat' dir='ltr'><strong>potentia</strong></span> <span class='ocrx_word' id='word_1_29' title='bbox 772 482 820 540; x_wconf 89' lang='lat' dir='ltr'><strong>ille</strong></span> <span class='ocrx_word' id='word_1_30' title='bbox 842 493 894 554; x_wconf 90' lang='lat' dir='ltr'><strong>est,</strong></span> <span class='ocrx_word' id='word_1_31' title='bbox 917 483 968 558; x_wconf 90' lang='lat' dir='ltr'><strong>qui</strong></span> <span class='ocrx_word' id='word_1_32' title='bbox 989 494 1056 541; x_wconf 90' lang='lat' dir='ltr'><strong>actu</strong></span> 
     </span>
     <span class='ocr_line' id='line_1_5' title="bbox 61 571 1056 646; baseline 0 -16"><span class='ocrx_word' id='word_1_33' title='bbox 61 573 158 630; x_wconf 89' lang='lat' dir='ltr'><strong>habet</strong></span> <span class='ocrx_word' id='word_1_34' title='bbox 178 572 388 630; x_wconf 87' lang='lat' dir='ltr'><strong>collectionem</strong></span> <span class='ocrx_word' id='word_1_35' title='bbox 405 571 550 629; x_wconf 92' lang='lat' dir='ltr'><strong>unitatum</strong></span> <span class='ocrx_word' id='word_1_36' title='bbox 564 572 686 642; x_wconf 88' lang='lat' dir='ltr'><strong>finitam,</strong></span> <span class='ocrx_word' id='word_1_37' title='bbox 709 571 748 629; x_wconf 90' lang='lat' dir='ltr'><strong>ad</strong></span> <span class='ocrx_word' id='word_1_38' title='bbox 762 590 852 646; x_wconf 89' lang='lat' dir='ltr'><strong>quam</strong></span> <span class='ocrx_word' id='word_1_39' title='bbox 866 583 966 630; x_wconf 86' lang='lat' dir='ltr'><strong>tamen</strong></span> <span class='ocrx_word' id='word_1_40' title='bbox 981 573 1056 630; x_wconf 88' lang='lat' dir='ltr'><strong>aliae</strong></span> 
     </span>
     <span class='ocr_line' id='line_1_6' title="bbox 60 659 1056 736; baseline -0.002 -16"><span class='ocrx_word' id='word_1_41' title='bbox 60 662 193 720; x_wconf 89' lang='lat' dir='ltr'><strong>unitates</strong></span> <span class='ocrx_word' id='word_1_42' title='bbox 207 661 270 719; x_wconf 88' lang='lat' dir='ltr'><strong>sine</strong></span> <span class='ocrx_word' id='word_1_43' title='bbox 284 662 344 718; x_wconf 86' lang='lat' dir='ltr'><strong>fine</strong></span> <span class='ocrx_word' id='word_1_44' title='bbox 359 659 430 718; x_wconf 89' lang='lat' dir='ltr'><strong>addi</strong></span> <span class='ocrx_word' id='word_1_45' title='bbox 444 671 574 735; x_wconf 87' lang='lat' dir='ltr'><strong>possunt.</strong></span> <span class='ocrx_word' id='word_1_46' title='bbox 603 661 685 718; x_wconf 91' lang='lat' dir='ltr'><strong>Talis</strong></span> <span class='ocrx_word' id='word_1_47' title='bbox 702 678 774 718; x_wconf 92' lang='lat' dir='ltr'><strong>vero</strong></span> <span class='ocrx_word' id='word_1_48' title='bbox 788 679 929 719; x_wconf 89' lang='lat' dir='ltr'><strong>numerus</strong></span> <span class='ocrx_word' id='word_1_49' title='bbox 944 661 1056 736; x_wconf 91' lang='lat' dir='ltr'><strong>optime</strong></span> 
     </span>
     <span class='ocr_line' id='line_1_7' title="bbox 61 749 1056 825; baseline 0 -17"><span class='ocrx_word' id='word_1_50' title='bbox 61 750 242 825; x_wconf 91' lang='lat' dir='ltr'><strong>concipitur,</strong></span> <span class='ocrx_word' id='word_1_51' title='bbox 258 751 338 807; x_wconf 83' lang='lat' dir='ltr'><strong>iuxta</strong></span> <span class='ocrx_word' id='word_1_52' title='bbox 352 767 397 819; x_wconf 90' lang='lat' dir='ltr'><strong>ea,</strong></span> <span class='ocrx_word' id='word_1_53' title='bbox 408 766 498 824; x_wconf 38' lang='lat' dir='ltr'><strong>,quae</strong></span> <span class='ocrx_word' id='word_1_54' title='bbox 512 767 602 824; x_wconf 91' lang='lat' dir='ltr'><strong>supra</strong></span> <span class='ocrx_word' id='word_1_55' title='bbox 615 749 758 824; x_wconf 67' lang='lat' dir='ltr'><strong>diximus,</strong></span> <span class='ocrx_word' id='word_1_56' title='bbox 781 750 960 824; x_wconf 80' lang='lat' dir='ltr'>quicumque</span> <span class='ocrx_word' id='word_1_57' title='bbox 976 751 1056 808; x_wconf 85' lang='lat' dir='ltr'><strong>enirn</strong></span> 
     </span>
     <span class='ocr_line' id='line_1_8' title="bbox 61 838 941 914; baseline -0.001 -16"><span class='ocrx_word' id='word_1_58' title='bbox 61 840 163 910; x_wconf 86' lang='lat' dir='ltr'><strong>fuerit,</strong></span> <span class='ocrx_word' id='word_1_59' title='bbox 185 857 305 913; x_wconf 89' lang='lat' dir='ltr'><strong>semper</strong></span> <span class='ocrx_word' id='word_1_60' title='bbox 325 839 382 914; x_wconf 92' lang='lat' dir='ltr'><strong>ipsi</strong></span> <span class='ocrx_word' id='word_1_61' title='bbox 402 839 505 896; x_wconf 85' lang='lat' dir='ltr'><strong>licebit</strong></span> <span class='ocrx_word' id='word_1_62' title='bbox 524 857 635 897; x_wconf 91' lang='lat' dir='ltr'><strong>novam</strong></span> <span class='ocrx_word' id='word_1_63' title='bbox 657 839 799 896; x_wconf 90' lang='lat' dir='ltr'><strong>unitatem</strong></span> <span class='ocrx_word' id='word_1_64' title='bbox 821 838 941 897; x_wconf 86' lang='lat' dir='ltr'><strong>addere.</strong></span> 
     </span>
    </p>

    <p class='ocr_par' dir='ltr' id='par_1_3' title="bbox 60 927 1059 1076">
     <span class='ocr_line' id='line_1_9' title="bbox 127 927 1059 1002; baseline -0.001 -17"><span class='ocrx_word' id='word_1_65' title='bbox 127 930 165 985; x_wconf 92' lang='grc' dir='ltr'><strong>Π.</strong></span> <span class='ocrx_word' id='word_1_66' title='bbox 198 927 305 1001; x_wconf 80' lang='lat' dir='ltr'><strong>Quoad</strong></span> <span class='ocrx_word' id='word_1_67' title='bbox 320 930 508 1002; x_wconf 74' lang='lat' dir='ltr'><strong>quantitatem</strong></span> <span class='ocrx_word' id='word_1_68' title='bbox 528 929 688 986; x_wconf 77' lang='lat' dir='ltr'><strong>continuam</strong></span> <span class='ocrx_word' id='word_1_69' title='bbox 709 929 756 986; x_wconf 85' lang='lat' dir='ltr'><strong>uel</strong></span> <span class='ocrx_word' id='word_1_70' title='bbox 772 928 991 1000; x_wconf 75' lang='lat' dir='ltr'><strong>magnitudinem</strong></span> <span class='ocrx_word' id='word_1_71' title='bbox 1012 929 1059 985; x_wconf 84' lang='lat' dir='ltr'><strong>vel</strong></span> 
     </span>
     <span class='ocr_line' id='line_1_10' title="bbox 60 1019 174 1076; baseline -0.026 0"><span class='ocrx_word' id='word_1_72' title='bbox 60 1019 174 1076; x_wconf 85' lang='lat' dir='ltr'><strong>malem.</strong></span> 
     </span>
    </p>

    <p class='ocr_par' dir='ltr' id='par_1_4' title="bbox 130 1106 1053 1181">
     <span class='ocr_line' id='line_1_11' title="bbox 130 1106 1053 1181; baseline 0.001 -18"><span class='ocrx_word' id='word_1_73' title='bbox 130 1127 155 1164; x_wconf 94' lang='lat'><strong>1.</strong></span> <span class='ocrx_word' id='word_1_74' title='bbox 177 1107 354 1181; x_wconf 89' lang='lat' dir='ltr'><strong>Magnitudo</strong></span> <span class='ocrx_word' id='word_1_75' title='bbox 364 1107 412 1164; x_wconf 92' lang='lat' dir='ltr'><strong>vel</strong></span> <span class='ocrx_word' id='word_1_76' title='bbox 422 1108 515 1165; x_wconf 93' lang='lat' dir='ltr'><strong>moles</strong></span> <span class='ocrx_word' id='word_1_77' title='bbox 525 1114 588 1164; x_wconf 86' lang='lat' dir='ltr'><strong>actu</strong></span> <span class='ocrx_word' id='word_1_78' title='bbox 599 1107 713 1181; x_wconf 85' lang='lat' dir='ltr'><strong>infinita</strong></span> <span class='ocrx_word' id='word_1_79' title='bbox 723 1117 876 1181; x_wconf 83' lang='lat' dir='ltr'><strong>repugnat.</strong></span> <span class='ocrx_word' id='word_1_80' title='bbox 892 1106 1053 1164; x_wconf 84' lang='lat' dir='ltr'><strong>Probatur:</strong></span> 
     </span>
    </p>

    <p class='ocr_par' dir='ltr' id='par_1_5' title="bbox 10 1190 1055 1716">
     <span class='ocr_line' id='line_1_12' title="bbox 126 1190 1055 1270; baseline -0.001 -17"><span class='ocrx_word' id='word_1_81' title='bbox 126 1190 156 1269; x_wconf 90' lang='lat' dir='ltr'><strong>a)</strong></span> <span class='ocrx_word' id='word_1_82' title='bbox 177 1196 231 1252; x_wconf 84' lang='lat' dir='ltr'><strong>Ex</strong></span> <span class='ocrx_word' id='word_1_83' title='bbox 251 1202 378 1270; x_wconf 80' lang='lat' dir='ltr'><strong>conceptu</strong></span> <span class='ocrx_word' id='word_1_84' title='bbox 398 1197 608 1268; x_wconf 82' lang='lat' dir='ltr'><strong>magnitudinis.</strong></span> <span class='ocrx_word' id='word_1_85' title='bbox 627 1225 662 1234; x_wconf 94' lang='lat'>-</span> <span class='ocrx_word' id='word_1_86' title='bbox 680 1196 710 1252; x_wconf 88' lang='lat' dir='ltr'><strong>Si</strong></span> <span class='ocrx_word' id='word_1_87' title='bbox 725 1213 784 1269; x_wconf 91' lang='lat' dir='ltr'><strong>qua</strong></span> <span class='ocrx_word' id='word_1_88' title='bbox 799 1194 973 1269; x_wconf 84' lang='lat' dir='ltr'><strong>magnitudo</strong></span> <span class='ocrx_word' id='word_1_89' title='bbox 988 1205 1055 1253; x_wconf 90' lang='lat' dir='ltr'><strong>actu</strong></span> 
     </span>
     <span class='ocr_line' id='line_1_13' title="bbox 63 1284 1055 1359; baseline -0.002 -15"><span class='ocrx_word' id='word_1_90' title='bbox 63 1293 145 1344; x_wconf 91' lang='lat' dir='ltr'><strong>esset</strong></span> <span class='ocrx_word' id='word_1_91' title='bbox 171 1284 301 1355; x_wconf 89' lang='lat' dir='ltr'><strong>infinita,</strong></span> <span class='ocrx_word' id='word_1_92' title='bbox 332 1294 415 1342; x_wconf 88' lang='lat' dir='ltr'><strong>certo</strong></span> <span class='ocrx_word' id='word_1_93' title='bbox 446 1285 545 1359; x_wconf 90' lang='lat' dir='ltr'><strong>aliqua</strong></span> <span class='ocrx_word' id='word_1_94' title='bbox 572 1284 776 1358; x_wconf 85' lang='lat' dir='ltr'><strong>intellegentia</strong></span> <span class='ocrx_word' id='word_1_95' title='bbox 803 1284 952 1359; x_wconf 89' lang='lat' dir='ltr'><strong>perfecta,</strong></span> <span class='ocrx_word' id='word_1_96' title='bbox 984 1295 1055 1359; x_wconf 92' lang='lat' dir='ltr'><strong>puta</strong></span> 
     </span>
     <span class='ocr_line' id='line_1_14' title="bbox 62 1373 1055 1449; baseline -0.001 -18"><span class='ocrx_word' id='word_1_97' title='bbox 62 1375 168 1432; x_wconf 89' lang='lat' dir='ltr'><strong>divina</strong></span> <span class='ocrx_word' id='word_1_98' title='bbox 189 1373 400 1447; x_wconf 87' lang='lat' dir='ltr'><strong>intellegentia,</strong></span> <span class='ocrx_word' id='word_1_99' title='bbox 422 1375 594 1449; x_wconf 88' lang='lat' dir='ltr'><strong>perspicere</strong></span> <span class='ocrx_word' id='word_1_100' title='bbox 616 1391 683 1432; x_wconf 86' lang='lat' dir='ltr'><strong>earn</strong></span> <span class='ocrx_word' id='word_1_101' title='bbox 704 1383 814 1448; x_wconf 89' lang='lat' dir='ltr'><strong>posset,</strong></span> <span class='ocrx_word' id='word_1_102' title='bbox 836 1373 867 1428; x_wconf 94' lang='lat' dir='ltr'><strong>in</strong></span> <span class='ocrx_word' id='word_1_103' title='bbox 889 1390 984 1446; x_wconf 89' lang='lat' dir='ltr'><strong>eaque</strong></span> <span class='ocrx_word' id='word_1_104' title='bbox 1006 1373 1055 1430; x_wconf 93' lang='lat' dir='ltr'><strong>de-</strong></span> 
     </span>
     <span class='ocr_line' id='line_1_15' title="bbox 10 1461 1052 1538; baseline -0.003 -18"><span class='ocrx_word' id='word_1_105' title='bbox 10 1516 13 1530; x_wconf 68' lang='lat'><strong>,</strong></span> <span class='ocrx_word' id='word_1_106' title='bbox 61 1463 267 1538; x_wconf 89' lang='lat' dir='ltr'><strong>prehenderet</strong></span> <span class='ocrx_word' id='word_1_107' title='bbox 287 1480 457 1520; x_wconf 88' lang='lat' dir='ltr'><strong>mensuram</strong></span> <span class='ocrx_word' id='word_1_108' title='bbox 482 1462 634 1537; x_wconf 88' lang='lat' dir='ltr'><strong>quandam</strong></span> <span class='ocrx_word' id='word_1_109' title='bbox 662 1461 790 1532; x_wconf 85' lang='lat' dir='ltr'><strong>finitam,</strong></span> <span class='ocrx_word' id='word_1_110' title='bbox 818 1471 946 1519; x_wconf 91' lang='lat' dir='ltr'><strong>metrum</strong></span> <span class='ocrx_word' id='word_1_111' title='bbox 967 1480 992 1518; x_wconf 90' lang='lat' dir='ltr'><strong>e.</strong></span> <span class='ocrx_word' id='word_1_112' title='bbox 1015 1480 1052 1536; x_wconf 72' lang='lat' dir='ltr'><strong>g,</strong></span> 
     </span>
     <span class='ocr_line' id='line_1_16' title="bbox 62 1550 1053 1624; baseline -0.001 -15"><span class='ocrx_word' id='word_1_113' title='bbox 62 1550 206 1609; x_wconf 88' lang='lat' dir='ltr'><strong>infinities</strong></span> <span class='ocrx_word' id='word_1_114' title='bbox 227 1551 382 1608; x_wconf 87' lang='lat' dir='ltr'><strong>contineri.</strong></span> <span class='ocrx_word' id='word_1_115' title='bbox 415 1551 562 1610; x_wconf 89' lang='lat' dir='ltr'><strong>Numerus</strong></span> <span class='ocrx_word' id='word_1_116' title='bbox 583 1562 681 1609; x_wconf 91' lang='lat' dir='ltr'><strong>autem</strong></span> <span class='ocrx_word' id='word_1_117' title='bbox 703 1551 832 1608; x_wconf 88' lang='lat' dir='ltr'><strong>infinitus</strong></span> <span class='ocrx_word' id='word_1_118' title='bbox 854 1569 890 1608; x_wconf 90' lang='lat' dir='ltr'><strong>ex</strong></span> <span class='ocrx_word' id='word_1_119' title='bbox 911 1550 954 1622; x_wconf 89' lang='lat' dir='ltr'><strong>iis,</strong></span> <span class='ocrx_word' id='word_1_120' title='bbox 977 1569 1053 1624; x_wconf 87' lang='lat' dir='ltr'><strong>quae</strong></span> 
     </span>
     <span class='ocr_line' id='line_1_17' title="bbox 61 1639 1053 1716; baseline -0.003 -17"><span class='ocrx_word' id='word_1_121' title='bbox 61 1640 255 1715; x_wconf 87' lang='lat' dir='ltr'><strong>supradicta</strong></span> <span class='ocrx_word' id='word_1_122' title='bbox 276 1651 359 1710; x_wconf 93' lang='lat' dir='ltr'><strong>sunt,</strong></span> <span class='ocrx_word' id='word_1_123' title='bbox 384 1650 539 1716; x_wconf 88' lang='lat' dir='ltr'><strong>repugnat.</strong></span> <span class='ocrx_word' id='word_1_124' title='bbox 582 1642 665 1715; x_wconf 88' lang='lat' dir='ltr'><strong>Ergo</strong></span> <span class='ocrx_word' id='word_1_125' title='bbox 686 1651 715 1698; x_wconf 86' lang='lat' dir='ltr'><strong>et</strong></span> <span class='ocrx_word' id='word_1_126' title='bbox 735 1639 909 1714; x_wconf 87' lang='lat' dir='ltr'><strong>magnitudo</strong></span> <span class='ocrx_word' id='word_1_127' title='bbox 931 1639 1053 1696; x_wconf 88' lang='lat' dir='ltr'><strong>infinita.</strong></span> 
     </span>
    </p>

    <p class='ocr_par' dir='ltr' id='par_1_6' title="bbox 11 1724 1054 2766">
     <span class='ocr_line' id='line_1_18' title="bbox 123 1724 1053 1805; baseline -0.001 -19"><span class='ocrx_word' id='word_1_128' title='bbox 123 1724 156 1803; x_wconf 87' lang='lat' dir='ltr'><strong>b)</strong></span> <span class='ocrx_word' id='word_1_129' title='bbox 175 1729 228 1786; x_wconf 88' lang='lat' dir='ltr'><strong>Ex</strong></span> <span class='ocrx_word' id='word_1_130' title='bbox 241 1730 380 1798; x_wconf 83' lang='lat' dir='ltr'><strong>absurdis,</strong></span> <span class='ocrx_word' id='word_1_131' title='bbox 396 1746 468 1803; x_wconf 82' lang='lat' dir='ltr'><strong>quac</strong></span> <span class='ocrx_word' id='word_1_132' title='bbox 480 1737 670 1805; x_wconf 79' lang='lat' dir='ltr'><strong>sequerentur.</strong></span> <span class='ocrx_word' id='word_1_133' title='bbox 687 1731 878 1803; x_wconf 90' lang='lat' dir='ltr'><strong>—Longum</strong></span> <span class='ocrx_word' id='word_1_134' title='bbox 894 1738 937 1786; x_wconf 90' lang='lat' dir='ltr'><strong>est</strong></span> <span class='ocrx_word' id='word_1_135' title='bbox 952 1727 1053 1785; x_wconf 89' lang='lat' dir='ltr'><strong>omnia</strong></span> 
     </span>
     <span class='ocr_line' id='line_1_19' title="bbox 62 1812 1053 1894; baseline -0.002 -17"><span class='ocrx_word' id='word_1_136' title='bbox 62 1835 143 1894; x_wconf 90' lang='lat' dir='ltr'><strong>quae</strong></span> <span class='ocrx_word' id='word_1_137' title='bbox 164 1835 202 1877; x_wconf 86' lang='lat' dir='ltr'><strong>ex</strong></span> <span class='ocrx_word' id='word_1_138' title='bbox 222 1812 455 1877; x_wconf 86' lang='lat' dir='ltr'><strong>contradictoria</strong></span> <span class='ocrx_word' id='word_1_139' title='bbox 481 1819 629 1878; x_wconf 88' lang='lat' dir='ltr'><strong>sententia</strong></span> <span class='ocrx_word' id='word_1_140' title='bbox 659 1828 822 1893; x_wconf 90' lang='lat' dir='ltr'><strong>sequuntur</strong></span> <span class='ocrx_word' id='word_1_141' title='bbox 848 1818 976 1877; x_wconf 88' lang='lat' dir='ltr'><strong>absurda</strong></span> <span class='ocrx_word' id='word_1_142' title='bbox 1006 1819 1053 1877; x_wconf 92' lang='lat' dir='ltr'><strong>vel</strong></span> 
     </span>
     <span class='ocr_line' id='line_1_20' title="bbox 60 1908 1053 1982; baseline -0.002 -15"><span class='ocrx_word' id='word_1_143' title='bbox 60 1908 195 1967; x_wconf 89' lang='lat' dir='ltr'><strong>breviter</strong></span> <span class='ocrx_word' id='word_1_144' title='bbox 216 1908 384 1966; x_wconf 86' lang='lat' dir='ltr'><strong>ostendere.</strong></span> <span class='ocrx_word' id='word_1_145' title='bbox 427 1908 470 1966; x_wconf 86' lang='lat' dir='ltr'><strong>Sit</strong></span> <span class='ocrx_word' id='word_1_146' title='bbox 489 1926 562 1967; x_wconf 89' lang='lat' dir='ltr'><strong>vero</strong></span> <span class='ocrx_word' id='word_1_147' title='bbox 583 1908 704 1965; x_wconf 87' lang='lat' dir='ltr'><strong>unicum</strong></span> <span class='ocrx_word' id='word_1_148' title='bbox 726 1908 908 1982; x_wconf 89' lang='lat' dir='ltr'><strong>exemplum:</strong></span> <span class='ocrx_word' id='word_1_149' title='bbox 941 1908 1053 1982; x_wconf 90' lang='lat' dir='ltr'><strong>Suppo-</strong></span> 
     </span>
     <span class='ocr_line' id='line_1_21' title="bbox 61 1996 1053 2073; baseline -0.002 -18"><span class='ocrx_word' id='word_1_150' title='bbox 61 2015 170 2055; x_wconf 91' lang='lat' dir='ltr'><strong>namus</strong></span> <span class='ocrx_word' id='word_1_151' title='bbox 190 1997 270 2054; x_wconf 91' lang='lat' dir='ltr'><strong>hunc</strong></span> <span class='ocrx_word' id='word_1_152' title='bbox 290 1997 435 2055; x_wconf 92' lang='lat' dir='ltr'><strong>mundum</strong></span> <span class='ocrx_word' id='word_1_153' title='bbox 456 2016 636 2073; x_wconf 88' lang='lat' dir='ltr'><strong>corporeum</strong></span> <span class='ocrx_word' id='word_1_154' title='bbox 658 2014 722 2054; x_wconf 87' lang='lat' dir='ltr'><strong>esse</strong></span> <span class='ocrx_word' id='word_1_155' title='bbox 737 1996 970 2071; x_wconf 89' lang='lat' dir='ltr'><strong>magnitudinem</strong></span> <span class='ocrx_word' id='word_1_156' title='bbox 986 2006 1053 2053; x_wconf 89' lang='lat' dir='ltr'><strong>actu</strong></span> 
     </span>
     <span class='ocr_line' id='line_1_22' title="bbox 61 2084 1054 2161; baseline -0.002 -17"><span class='ocrx_word' id='word_1_157' title='bbox 61 2086 210 2144; x_wconf 87' lang='lat' dir='ltr'><strong>infinitam</strong></span> <span class='ocrx_word' id='word_1_158' title='bbox 237 2094 267 2143; x_wconf 93' lang='lat' dir='ltr'><strong>et</strong></span> <span class='ocrx_word' id='word_1_159' title='bbox 293 2084 421 2161; x_wconf 88' lang='lat' dir='ltr'><strong>proinde</strong></span> <span class='ocrx_word' id='word_1_160' title='bbox 449 2087 581 2144; x_wconf 86' lang='lat' dir='ltr'><strong>infinitae</strong></span> <span class='ocrx_word' id='word_1_161' title='bbox 609 2085 818 2159; x_wconf 67' lang='lat' dir='ltr'><strong>longitudinis,</strong></span> <span class='ocrx_word' id='word_1_162' title='bbox 848 2086 919 2143; x_wconf 88' lang='lat' dir='ltr'><strong>item</strong></span> <span class='ocrx_word' id='word_1_163' title='bbox 947 2103 1054 2160; x_wconf 91' lang='lat' dir='ltr'><strong>suppo·</strong></span> 
     </span>
     <span class='ocr_line' id='line_1_23' title="bbox 61 2173 1052 2251; baseline -0.002 -18"><span class='ocrx_word' id='word_1_164' title='bbox 61 2193 178 2244; x_wconf 90' lang='lat' dir='ltr'><strong>narnus,</strong></span> <span class='ocrx_word' id='word_1_165' title='bbox 201 2175 231 2231; x_wconf 91' lang='lat' dir='ltr'><strong>in</strong></span> <span class='ocrx_word' id='word_1_166' title='bbox 247 2173 298 2231; x_wconf 91' lang='lat' dir='ltr'><strong>illa</strong></span> <span class='ocrx_word' id='word_1_167' title='bbox 314 2174 428 2232; x_wconf 91' lang='lat' dir='ltr'><strong>infinita</strong></span> <span class='ocrx_word' id='word_1_168' title='bbox 442 2175 637 2251; x_wconf 87' lang='lat' dir='ltr'><strong>longitudine,</strong></span> <span class='ocrx_word' id='word_1_169' title='bbox 658 2174 737 2231; x_wconf 89' lang='lat' dir='ltr'><strong>viam</strong></span> <span class='ocrx_word' id='word_1_170' title='bbox 754 2174 874 2232; x_wconf 89' lang='lat' dir='ltr'><strong>alternis</strong></span> <span class='ocrx_word' id='word_1_171' title='bbox 888 2173 1052 2233; x_wconf 88' lang='lat' dir='ltr'><strong>kilometris</strong></span> 
     </span>
     <span class='ocr_line' id='line_1_24' title="bbox 11 2256 1053 2339; baseline -0.002 -18"><span class='ocrx_word' id='word_1_172' title='bbox 11 2256 16 2278; x_wconf 69' lang='lat'><strong>²</strong></span> <span class='ocrx_word' id='word_1_173' title='bbox 60 2264 212 2339; x_wconf 90' lang='lat' dir='ltr'><strong>lapidibus</strong></span> <span class='ocrx_word' id='word_1_174' title='bbox 233 2263 325 2337; x_wconf 89' lang='lat' dir='ltr'><strong>nigris</strong></span> <span class='ocrx_word' id='word_1_175' title='bbox 346 2274 377 2321; x_wconf 88' lang='lat' dir='ltr'><strong>et</strong></span> <span class='ocrx_word' id='word_1_176' title='bbox 397 2264 472 2322; x_wconf 90' lang='lat' dir='ltr'><strong>albis</strong></span> <span class='ocrx_word' id='word_1_177' title='bbox 500 2264 654 2322; x_wconf 90' lang='lat' dir='ltr'><strong>consitam.</strong></span> <span class='ocrx_word' id='word_1_178' title='bbox 697 2262 834 2338; x_wconf 89' lang='lat' dir='ltr'><strong>Demptis</strong></span> <span class='ocrx_word' id='word_1_179' title='bbox 862 2262 954 2338; x_wconf 89' lang='lat' dir='ltr'><strong>nigris</strong></span> <span class='ocrx_word' id='word_1_180' title='bbox 981 2263 1053 2320; x_wconf 92' lang='lat' dir='ltr'><strong>kilo—</strong></span> 
     </span>
     <span class='ocr_line' id='line_1_25' title="bbox 11 2351 1051 2427; baseline -0.004 -16"><span class='ocrx_word' id='word_1_181' title='bbox 11 2357 12 2398; x_wconf 69' lang='grc'><strong>1</strong></span> <span class='ocrx_word' id='word_1_182' title='bbox 60 2352 180 2423; x_wconf 91' lang='lat' dir='ltr'><strong>metris,</strong></span> <span class='ocrx_word' id='word_1_183' title='bbox 209 2352 278 2409; x_wconf 90' lang='lat' dir='ltr'><strong>alba</strong></span> <span class='ocrx_word' id='word_1_184' title='bbox 305 2352 365 2409; x_wconf 89' lang='lat' dir='ltr'><strong>dici</strong></span> <span class='ocrx_word' id='word_1_185' title='bbox 393 2371 461 2411; x_wconf 89' lang='lat' dir='ltr'><strong>non</strong></span> <span class='ocrx_word' id='word_1_186' title='bbox 483 2362 608 2427; x_wconf 89' lang='lat' dir='ltr'><strong>possunt</strong></span> <span class='ocrx_word' id='word_1_187' title='bbox 633 2352 812 2410; x_wconf 86' lang='lat' dir='ltr'><strong>constituere</strong></span> <span class='ocrx_word' id='word_1_188' title='bbox 835 2351 1051 2425; x_wconf 88' lang='lat' dir='ltr'><strong>longitudinem</strong></span> 
     </span>
     <span class='ocr_line' id='line_1_26' title="bbox 60 2440 1052 2516; baseline -0.002 -17"><span class='ocrx_word' id='word_1_189' title='bbox 60 2441 218 2511; x_wconf 87' lang='lat' dir='ltr'><strong>infinitam,</strong></span> <span class='ocrx_word' id='word_1_190' title='bbox 241 2440 311 2516; x_wconf 89' lang='lat' dir='ltr'><strong>quia</strong></span> <span class='ocrx_word' id='word_1_191' title='bbox 332 2442 431 2500; x_wconf 89' lang='lat' dir='ltr'><strong>minor</strong></span> <span class='ocrx_word' id='word_1_192' title='bbox 452 2452 496 2499; x_wconf 91' lang='lat' dir='ltr'><strong>est</strong></span> <span class='ocrx_word' id='word_1_193' title='bbox 516 2459 620 2499; x_wconf 89' lang='lat' dir='ltr'><strong>eorum</strong></span> <span class='ocrx_word' id='word_1_194' title='bbox 634 2441 789 2515; x_wconf 87' lang='lat' dir='ltr'><strong>longitudo</strong></span> <span class='ocrx_word' id='word_1_195' title='bbox 804 2459 893 2514; x_wconf 87' lang='lat' dir='ltr'><strong>quam</strong></span> <span class='ocrx_word' id='word_1_196' title='bbox 908 2458 953 2510; x_wconf 85' lang='lat' dir='ltr'><strong>ea,</strong></span> <span class='ocrx_word' id='word_1_197' title='bbox 976 2458 1052 2515; x_wconf 87' lang='lat' dir='ltr'><strong>quae</strong></span> 
     </span>
     <span class='ocr_line' id='line_1_27' title="bbox 61 2528 1052 2605; baseline -0.004 -16"><span class='ocrx_word' id='word_1_198' title='bbox 61 2550 100 2589; x_wconf 85' lang='lat' dir='ltr'><strong>ex</strong></span> <span class='ocrx_word' id='word_1_199' title='bbox 128 2529 203 2588; x_wconf 91' lang='lat' dir='ltr'><strong>albis</strong></span> <span class='ocrx_word' id='word_1_200' title='bbox 231 2540 261 2589; x_wconf 92' lang='lat' dir='ltr'><strong>et</strong></span> <span class='ocrx_word' id='word_1_201' title='bbox 287 2530 380 2605; x_wconf 91' lang='lat' dir='ltr'><strong>nigris</strong></span> <span class='ocrx_word' id='word_1_202' title='bbox 408 2530 493 2588; x_wconf 92' lang='lat' dir='ltr'><strong>simul</strong></span> <span class='ocrx_word' id='word_1_203' title='bbox 521 2530 644 2605; x_wconf 89' lang='lat' dir='ltr'><strong>sumptis</strong></span> <span class='ocrx_word' id='word_1_204' title='bbox 672 2528 873 2602; x_wconf 79' lang='lat' dir='ltr'><strong>constituitur3</strong></span> <span class='ocrx_word' id='word_1_205' title='bbox 902 2538 931 2587; x_wconf 88' lang='lat' dir='ltr'><strong>et</strong></span> <span class='ocrx_word' id='word_1_206' title='bbox 951 2539 1052 2586; x_wconf 87' lang='lat' dir='ltr'><strong>tamen</strong></span> 
     </span>
     <span class='ocr_line' id='line_1_28' title="bbox 60 2617 1051 2693; baseline -0.002 -16"><span class='ocrx_word' id='word_1_207' title='bbox 60 2618 125 2678; x_wconf 86' lang='lat' dir='ltr'><strong>dici</strong></span> <span class='ocrx_word' id='word_1_208' title='bbox 146 2619 237 2677; x_wconf 89' lang='lat' dir='ltr'><strong>debet</strong></span> <span class='ocrx_word' id='word_1_209' title='bbox 256 2619 332 2677; x_wconf 87' lang='lat' dir='ltr'><strong>haec</strong></span> <span class='ocrx_word' id='word_1_210' title='bbox 353 2618 507 2693; x_wconf 92' lang='lat' dir='ltr'><strong>longitudo</strong></span> <span class='ocrx_word' id='word_1_211' title='bbox 528 2618 643 2677; x_wconf 92' lang='lat' dir='ltr'><strong>infinita</strong></span> <span class='ocrx_word' id='word_1_212' title='bbox 664 2628 739 2689; x_wconf 88' lang='lat' dir='ltr'><strong>actu,</strong></span> <span class='ocrx_word' id='word_1_213' title='bbox 762 2618 833 2692; x_wconf 90' lang='lat' dir='ltr'><strong>quia</strong></span> <span class='ocrx_word' id='word_1_214' title='bbox 847 2627 963 2677; x_wconf 88' lang='lat' dir='ltr'><strong>constat</strong></span> <span class='ocrx_word' id='word_1_215' title='bbox 976 2617 1051 2675; x_wconf 90' lang='lat' dir='ltr'><strong>serie</strong></span> 
     </span>
     <span class='ocr_line' id='line_1_29' title="bbox 61 2707 700 2766; baseline -0.003 0"><span class='ocrx_word' id='word_1_216' title='bbox 61 2707 290 2766; x_wconf 90' lang='lat' dir='ltr'><strong>kilometrorum</strong></span> <span class='ocrx_word' id='word_1_217' title='bbox 311 2708 446 2765; x_wconf 91' lang='lat' dir='ltr'><strong>alborum</strong></span> <span class='ocrx_word' id='word_1_218' title='bbox 468 2717 535 2765; x_wconf 86' lang='lat' dir='ltr'><strong>actu</strong></span> <span class='ocrx_word' id='word_1_219' title='bbox 556 2707 670 2765; x_wconf 90' lang='lat' dir='ltr'><strong>infinita</strong></span> <span class='ocrx_word' id='word_1_220' title='bbox 685 2708 700 2764; x_wconf 91' lang='lat'><strong>¹.</strong></span> 
     </span>
    </p>

    <p class='ocr_par' dir='ltr' id='par_1_7' title="bbox 11 2794 1052 3139">
     <span class='ocr_line' id='line_1_30' title="bbox 126 2794 1052 2871; baseline -0.004 -16"><span class='ocrx_word' id='word_1_221' title='bbox 126 2818 153 2854; x_wconf 89' lang='lat'><strong>2.</strong></span> <span class='ocrx_word' id='word_1_222' title='bbox 175 2798 276 2855; x_wconf 91' lang='lat' dir='ltr'><strong>Potest</strong></span> <span class='ocrx_word' id='word_1_223' title='bbox 296 2807 396 2855; x_wconf 89' lang='lat' dir='ltr'><strong>autem</strong></span> <span class='ocrx_word' id='word_1_224' title='bbox 416 2796 591 2871; x_wconf 88' lang='lat' dir='ltr'><strong>magnitudo</strong></span> <span class='ocrx_word' id='word_1_225' title='bbox 612 2816 630 2853; x_wconf 87' lang='lat' dir='ltr'><strong>a</strong></span> <span class='ocrx_word' id='word_1_226' title='bbox 645 2806 744 2853; x_wconf 90' lang='lat' dir='ltr'><strong>mente</strong></span> <span class='ocrx_word' id='word_1_227' title='bbox 759 2794 879 2870; x_wconf 88' lang='lat' dir='ltr'><strong>concipi</strong></span> <span class='ocrx_word' id='word_1_228' title='bbox 893 2804 925 2851; x_wconf 91' lang='lat' dir='ltr'><strong>ut</strong></span> <span class='ocrx_word' id='word_1_229' title='bbox 938 2796 1052 2869; x_wconf 87' lang='lat' dir='ltr'><strong>infinita</strong></span> 
     </span>
     <span class='ocr_line' id='line_1_31' title="bbox 11 2872 1051 2962; baseline -0.004 -18"><span class='ocrx_word' id='word_1_230' title='bbox 11 2872 17 2888; x_wconf 64' lang='grc'><strong>”</strong></span> <span class='ocrx_word' id='word_1_231' title='bbox 59 2889 93 2944; x_wconf 86' lang='lat' dir='ltr'><strong>in</strong></span> <span class='ocrx_word' id='word_1_232' title='bbox 114 2888 253 2962; x_wconf 84' lang='lat' dir='ltr'><strong>patentia.</strong></span> <span class='ocrx_word' id='word_1_233' title='bbox 295 2886 373 2944; x_wconf 91' lang='lat' dir='ltr'><strong>Cum</strong></span> <span class='ocrx_word' id='word_1_234' title='bbox 394 2885 474 2943; x_wconf 91' lang='lat' dir='ltr'><strong>enim</strong></span> <span class='ocrx_word' id='word_1_235' title='bbox 502 2897 642 2943; x_wconf 89' lang='lat' dir='ltr'><strong>numerus</strong></span> <span class='ocrx_word' id='word_1_236' title='bbox 670 2884 803 2959; x_wconf 90' lang='lat' dir='ltr'><strong>potentia</strong></span> <span class='ocrx_word' id='word_1_237' title='bbox 832 2883 961 2941; x_wconf 92' lang='lat' dir='ltr'><strong>infinitus</strong></span> <span class='ocrx_word' id='word_1_238' title='bbox 989 2901 1051 2941; x_wconf 90' lang='lat' dir='ltr'><strong>non</strong></span> 
     </span>
     <span class='ocr_line' id='line_1_32' title="bbox 60 2972 1052 3051; baseline -0.006 -16"><span class='ocrx_word' id='word_1_239' title='bbox 60 2986 225 3051; x_wconf 88' lang='lat' dir='ltr'><strong>repugnet,</strong></span> <span class='ocrx_word' id='word_1_240' title='bbox 247 2973 345 3032; x_wconf 90' lang='lat' dir='ltr'><strong>omnis</strong></span> <span class='ocrx_word' id='word_1_241' title='bbox 366 2976 474 3046; x_wconf 85' lang='lat' dir='ltr'><strong>moles,</strong></span> <span class='ocrx_word' id='word_1_242' title='bbox 497 2984 737 3048; x_wconf 88' lang='lat' dir='ltr'><strong>quantacumque</strong></span> <span class='ocrx_word' id='word_1_243' title='bbox 759 2983 817 3042; x_wconf 88' lang='lat' dir='ltr'><strong>est,</strong></span> <span class='ocrx_word' id='word_1_244' title='bbox 840 2990 918 3029; x_wconf 90' lang='lat' dir='ltr'><strong>nova</strong></span> <span class='ocrx_word' id='word_1_245' title='bbox 940 2972 1052 3046; x_wconf 82' lang='lat' dir='ltr'><strong>quanti-</strong></span> 
     </span>
     <span class='ocr_line' id='line_1_33' title="bbox 59 3060 1052 3139; baseline -0.007 -15"><span class='ocrx_word' id='word_1_246' title='bbox 59 3064 130 3124; x_wconf 90' lang='lat' dir='ltr'><strong>tatis</strong></span> <span class='ocrx_word' id='word_1_247' title='bbox 151 3074 235 3139; x_wconf 90' lang='lat' dir='ltr'><strong>parte</strong></span> <span class='ocrx_word' id='word_1_248' title='bbox 257 3063 388 3135; x_wconf 59' lang='lat' dir='ltr'><strong>addita„</strong></span> <span class='ocrx_word' id='word_1_249' title='bbox 404 3080 539 3121; x_wconf 87' lang='lat' dir='ltr'><strong>crescere</strong></span> <span class='ocrx_word' id='word_1_250' title='bbox 560 3062 592 3119; x_wconf 93' lang='lat' dir='ltr'><strong>in</strong></span> <span class='ocrx_word' id='word_1_251' title='bbox 613 3060 807 3132; x_wconf 89' lang='lat' dir='ltr'><strong>indefinitum,</strong></span> <span class='ocrx_word' id='word_1_252' title='bbox 830 3072 929 3118; x_wconf 90' lang='lat' dir='ltr'><strong>mente</strong></span> <span class='ocrx_word' id='word_1_253' title='bbox 950 3071 1052 3118; x_wconf 86' lang='lat' dir='ltr'><strong>nostra</strong></span> 
     </span>
    </p>
   </div>
   <div class='ocr_carea' id='block_1_3' title="bbox 59 3152 312 3229">
    <p class='ocr_par' dir='ltr' id='par_1_8' title="bbox 59 3152 312 3229">
     <span class='ocr_line' id='line_1_34' title="bbox 59 3152 312 3229; baseline -0.012 -16"><span class='ocrx_word' id='word_1_254' title='bbox 59 3152 184 3229; x_wconf 87' lang='lat' dir='ltr'><strong>concipi</strong></span> <span class='ocrx_word' id='word_1_255' title='bbox 204 3163 312 3228; x_wconf 90' lang='lat' dir='ltr'><strong>potest.</strong></span> 
     </span>
    </p>
   </div>
   <div class='ocr_carea' id='block_1_4' title="bbox 116 3328 614 3472">
    <p class='ocr_par' dir='ltr' id='par_1_9' title="bbox 116 3328 614 3472">
     <span class='ocr_line' id='line_1_35' title="bbox 126 3328 548 3390; baseline -0.012 -10"><span class='ocrx_word' id='word_1_256' title='bbox 126 3328 135 3359; x_wconf 91' lang='lat'>¹</span> <span class='ocrx_word' id='word_1_257' title='bbox 154 3330 193 3379; x_wconf 84' lang='lat' dir='ltr'><strong>Cf.</strong></span> <span class='ocrx_word' id='word_1_258' title='bbox 214 3331 288 3380; x_wconf 75' lang='lat' dir='ltr'><strong>Pescla</strong></span> <span class='ocrx_word' id='word_1_259' title='bbox 308 3330 324 3378; x_wconf 90' lang='lat' dir='ltr'><strong>l.</strong></span> <span class='ocrx_word' id='word_1_260' title='bbox 345 3346 366 3377; x_wconf 92' lang='lat' dir='ltr'><strong>c.</strong></span> <span class='ocrx_word' id='word_1_261' title='bbox 387 3330 419 3389; x_wconf 91' lang='lat' dir='ltr'><strong>ll,</strong></span> <span class='ocrx_word' id='word_1_262' title='bbox 443 3340 490 3374; x_wconf 84' lang='lat'><strong>112</strong></span> <span class='ocrx_word' id='word_1_263' title='bbox 511 3344 548 3390; x_wconf 87' lang='lat' dir='ltr'><strong>sq.</strong></span> 
     </span>
     <span class='ocr_line' id='line_1_36' title="bbox 116 3419 614 3472; baseline -0.012 -8"><span class='ocrx_word' id='word_1_264' title='bbox 116 3424 311 3472; x_wconf 83' lang='lat' dir='ltr'><strong>Reinstadler‚</strong></span> <span class='ocrx_word' id='word_1_265' title='bbox 327 3422 395 3461; x_wconf 89' lang='lat' dir='ltr'><strong>Elem.</strong></span> <span class='ocrx_word' id='word_1_266' title='bbox 412 3420 490 3470; x_wconf 91' lang='lat' dir='ltr'><strong>philos.</strong></span> <span class='ocrx_word' id='word_1_267' title='bbox 506 3419 573 3458; x_wconf 86' lang='lat' dir='ltr'><strong>schol.</strong></span> <span class='ocrx_word' id='word_1_268' title='bbox 596 3419 614 3459; x_wconf 93' lang='lat'><strong>1.</strong></span> 
     </span>
    </p>
   </div>
   <div class='ocr_carea' id='block_1_5' title="bbox 0 0 1180 3700">
    <p class='ocr_par' dir='ltr' id='par_1_10' title="bbox 0 0 1180 3700">
     <span class='ocr_line' id='line_1_37' title="bbox 0 0 1180 3700; baseline 0 1"><span class='ocrx_word' id='word_1_269' title='bbox 0 0 1180 3700; x_wconf 95' lang='lat' dir='ltr'><strong> </strong></span> 
     </span>
    </p>
   </div>
  </div>
 </body>
</html>
