2350 3700
397 131 436 166 nn
455 130 661 168 ennrrnunruu.
975 129 1023 180 ¹77

99 278 255 336 Positinum
275 288 321 336 est
339 278 428 350 illud,
451 278 483 335 in
504 296 564 353 quo
585 296 623 337 ex
644 288 769 353 utraque
789 289 874 354 parte
894 276 1025 336 rationes

44 367 292 426 adiudicandum
311 367 463 442 graviores
484 368 600 426 adsunt.

101 457 175 514 Sunt
201 456 252 532 qui
272 457 391 514 tertium
413 456 596 531 distinguant
616 456 755 524 dubium,
785 456 868 531 quod
888 456 1026 532 positivo

44 545 211 620 negativum
243 556 353 604 vocant
386 555 416 604 et
443 545 602 604 definiunt:
637 544 725 618 illud,
755 545 786 602 in
814 563 874 620 quo
902 563 939 604 ex
966 564 1026 604 una

43 645 153 692 tantum
174 645 257 709 parte
279 635 410 693 rationes
430 633 469 692 ad
490 632 683 692 iudicandum
705 633 822 709 aliquae
844 634 960 692 adsunt.

101 717 132 797 b)
159 725 284 781 Ratione
309 724 485 781 rectitudinis
509 721 572 781 eius
600 731 645 783 est
670 724 718 781 vel
746 723 878 798 pmdeus
905 723 951 781 vel
976 721 1027 780 im·

44 812 181 886 prudens.

100 901 231 958 Rudcns
245 909 298 972 est,
314 901 437 976 quando
451 919 588 959 assensus
603 901 760 959 cohibetur
769 911 893 976 propter
908 900 1028 959 errandi

44 989 241 1060 formidinem,
264 1008 342 1066 quae
363 1001 445 1048 reeta
465 991 581 1048 ratione
601 989 725 1065 probari
745 999 851 1065 potest.

98 1080 270 1155 Impncdcns
291 1097 363 1138 vero
385 1089 437 1150 est,
459 1097 527 1137 cum
544 1078 687 1137 iudicium
702 1079 891 1156 suspenditur
905 1089 1028 1154 propter

29 1222 30 1259 ,
47 1168 161 1226 errandi
184 1167 377 1226 formidinem
397 1177 480 1226 recta
501 1167 616 1226 ratione
637 1186 700 1225 non
721 1167 919 1243 probandam.

29 1278 30 1343 ᾖ
100 1259 139 1315 ΙΙ.
158 1256 263 1332 Opinio
277 1267 333 1315 est:
356 1274 485 1314 assensus
498 1258 598 1314 mentis
611 1257 654 1314 ad
663 1258 785 1316 alteram
802 1258 1029 1315 contradictionis

44 1353 152 1421 partem
175 1365 235 1403 acm
249 1346 411 1420 formidine
430 1352 523 1403 tamen
543 1346 578 1402 dc
598 1346 716 1404 alterius
736 1347 861 1404 ueritate.

99 1435 223 1492 Pondus
253 1434 448 1505 motivorum‚
484 1453 562 1509 quae
594 1433 633 1492 ad
667 1436 841 1510 ponendum
877 1453 1028 1494 assensum

29 1485 226 1599 lopinativum
253 1524 420 1594 adducunt,
449 1523 557 1582 dicitur
580 1524 784 1599 probabilitas,
815 1543 891 1600 quae
911 1522 1030 1583 brevius

45 1614 196 1671 definitur:
231 1615 310 1682 ocri,
340 1614 440 1670 iudz'cio
463 1613 657 1689 prudentum,
688 1614 848 1672 similitudo.
898 1613 1029 1687 Quando

44 1702 163 1777 species·
180 1702 243 1761 veri
264 1702 341 1760 adeo
362 1701 469 1777 iugens
490 1712 542 1773 est,
564 1701 676 1760 iudicio
697 1703 885 1777 prudentum,
907 1712 938 1760 ut
957 1720 1030 1760 vero

45 1793 179 1867 proxima
205 1792 256 1863 sit,
287 1790 390 1867 opinio
411 1791 518 1848 dicitur
533 1791 780 1867 probubdissima,
808 1791 832 1850 si
860 1791 937 1853 adeo
958 1791 1030 1849 levis

45 1893 95 1952 est,
116 1892 149 1939 ut
170 1881 307 1956 proxima
328 1882 402 1939 falso
417 1880 561 1951 videatur,
582 1882 706 1938 tenuiter
719 1882 876 1957 probabilis
892 1892 1030 1955 vocatur3

44 1972 204 2045 simpliciter
223 1987 291 2028 nero
305 1969 463 2046 probabilis
484 1979 567 2028 tenet
586 1970 664 2028 inter
684 1980 849 2045 utrumque.

103 2058 237 2133 Quando
258 2059 298 2138 de
319 2058 462 2134 opinione
484 2059 634 2133 probabili
655 2058 719 2117 sine
734 2058 837 2116 addito
858 2077 956 2117 sermo
978 2069 1030 2127 est,

44 2148 72 2205 in
93 2147 258 2223 disciplinis
279 2148 440 2205 moralibus
461 2147 652 2222 praesertim,
676 2146 751 2206 haec
772 2147 944 2221 simpliciter
965 2165 1032 2222 pro·

43 2237 148 2295 babilis
170 2236 274 2311 opinio
295 2237 482 2311 intellegitur.
516 2239 621 2311 Itaque
643 2238 736 2312 opimo
752 2237 908 2312 probabilis
928 2255 961 2293 ca
982 2242 1030 2304 cst,

43 2345 112 2399 quae
133 2333 193 2382 tam
210 2328 302 2398 grani
319 2332 348 2382 ct
365 2325 453 2383 solido
473 2327 577 2383 nititur
590 2325 798 2400 fundamento,
820 2326 867 2383 ocl
884 2327 1032 2383 intrinseco

43 2417 165 2472 rationis
183 2415 231 2473 acl
248 2416 403 2471 extrinseco
423 2416 616 2483 auctoritatis,
646 2414 812 2471 attrahere
832 2415 919 2471 adse
938 2409 1034 2473 valcat

41 2522 184 2560 assensum
204 2506 266 2562 mii
277 2504 439 2579 prudentis,
461 2506 545 2560 etiam
565 2522 627 2561 cum
641 2503 803 2577 formidine
823 2506 942 2579 oppositi
954 2506 970 2561 ¹.

101 2595 156 2651 Est
176 2593 304 2667 proinde
334 2591 530 2666 probabilitas
550 2592 599 2650 vel
620 2594 771 2650 intrinseca
798 2593 845 2650 vel
866 2594 1031 2660 extrinseca,

41 2692 129 2755 prout
151 2682 264 2740 motiva
283 2700 321 2739 ex
341 2681 385 2739 rei
406 2689 516 2739 natura
530 2682 577 2739 vel
600 2700 636 2740 ex
657 2684 823 2739 auctoritate
843 2691 990 2756 petuntur.

99 2773 183 2829 Inter
197 2769 373 2845 opinionem
388 2780 418 2828 et
432 2770 556 2828 dubium
569 2770 729 2829 intercedit
741 2772 868 2846 suspicio,
885 2789 962 2845 quae
973 2780 1031 2829 est:

41 2862 178 2933 quaedam
205 2860 248 2917 ad
271 2859 450 2917 iudcandum
466 2862 620 2935 propensio
640 2860 688 2917 vel
704 2861 849 2917 inclinatio
869 2877 1034 2935 consequens

43 2951 208 3007 molinorum
229 2948 475 3025 apprehensionem
496 2956 525 3005 ct
551 2949 677 3023 aliquam
703 2950 883 3005 attentionem
911 2948 954 3005 ad
972 2949 1031 3006 ill.

101 3138 109 3169 ¹
128 3139 299 3199 D'Annibalc,
319 3137 421 3186 Summa
439 3138 585 3201 theologiae
604 3137 706 3186 moralis
725 3138 744 3196 I,
769 3138 826 3185 116.

94 3404 292 3451 Reinstadler,
308 3402 377 3441 Elem.
393 3402 471 3452 philos.
488 3402 555 3441 schol.
578 3401 595 3441 1.
