<?xml version="1.0" encoding="UTF-8"?>
<!DOCTYPE html PUBLIC "-//W3C//DTD XHTML 1.0 Transitional//EN"
    "http://www.w3.org/TR/xhtml1/DTD/xhtml1-transitional.dtd">
<html xmlns="http://www.w3.org/1999/xhtml" xml:lang="en" lang="en">
 <head>
  <title>
</title>
<meta http-equiv="Content-Type" content="text/html;charset=utf-8" />
  <meta name='ocr-system' content='tesseract 3.04.00' />
  <meta name='ocr-capabilities' content='ocr_page ocr_carea ocr_par ocr_line ocrx_word'/>
</head>
<body>
  <div class='ocr_page' id='page_1' title='image "./elementaphiloso00reingoog_0277.png"; bbox 0 0 2350 3700; ppageno 0'>
   <div class='ocr_carea' id='block_1_1' title="bbox 300 139 1022 193">
    <p class='ocr_par' dir='ltr' id='par_1_1' title="bbox 300 139 1022 193">
     <span class='ocr_line' id='line_1_1' title="bbox 300 139 1022 193; baseline -0.003 -14"><span class='ocrx_word' id='word_1_1' title='bbox 300 144 339 179; x_wconf 81' lang='lat' dir='ltr'>DE</span> <span class='ocrx_word' id='word_1_2' title='bbox 358 144 485 180; x_wconf 74' lang='lat' dir='ltr'><strong>UNITATE</strong></span> <span class='ocrx_word' id='word_1_3' title='bbox 504 144 623 181; x_wconf 70' lang='lat' dir='ltr'>enorum</span> <span class='ocrx_word' id='word_1_4' title='bbox 643 143 762 179; x_wconf 81' lang='lat' dir='ltr'>SUllll&#39;TA.</span> <span class='ocrx_word' id='word_1_5' title='bbox 972 139 1022 193; x_wconf 78' lang='grc'>245</span> 
     </span>
    </p>
   </div>
   <div class='ocr_carea' id='block_1_2' title="bbox 16 286 1025 1879">
    <p class='ocr_par' dir='ltr' id='par_1_2' title="bbox 37 286 1024 634">
     <span class='ocr_line' id='line_1_2' title="bbox 94 286 1023 366; baseline -0.002 -17"><span class='ocrx_word' id='word_1_6' title='bbox 94 286 123 364; x_wconf 79' lang='lat' dir='ltr'>a)</span> <span class='ocrx_word' id='word_1_7' title='bbox 145 290 254 349; x_wconf 86' lang='lat' dir='ltr'>Unitas</span> <span class='ocrx_word' id='word_1_8' title='bbox 268 292 411 349; x_wconf 86' lang='lat' dir='ltr'>naturalis</span> <span class='ocrx_word' id='word_1_9' title='bbox 425 309 461 349; x_wconf 89' lang='lat' dir='ltr'>ea</span> <span class='ocrx_word' id='word_1_10' title='bbox 481 302 533 364; x_wconf 87' lang='lat' dir='ltr'>est,</span> <span class='ocrx_word' id='word_1_11' title='bbox 555 308 634 366; x_wconf 85' lang='lat' dir='ltr'>quae</span> <span class='ocrx_word' id='word_1_12' title='bbox 648 290 740 349; x_wconf 90' lang='lat' dir='ltr'>oritur</span> <span class='ocrx_word' id='word_1_13' title='bbox 754 310 791 349; x_wconf 89' lang='lat' dir='ltr'>ex</span> <span class='ocrx_word' id='word_1_14' title='bbox 805 289 1023 365; x_wconf 87' lang='lat' dir='ltr'>compositione</span> 
     </span>
     <span class='ocr_line' id='line_1_3' title="bbox 37 378 1024 454; baseline -0.001 -18"><span class='ocrx_word' id='word_1_15' title='bbox 37 381 178 453; x_wconf 90' lang='lat' dir='ltr'>plurium,</span> <span class='ocrx_word' id='word_1_16' title='bbox 214 397 292 454; x_wconf 87' lang='lat' dir='ltr'>quae</span> <span class='ocrx_word' id='word_1_17' title='bbox 322 380 361 438; x_wconf 88' lang='lat' dir='ltr'>ad</span> <span class='ocrx_word' id='word_1_18' title='bbox 391 380 533 438; x_wconf 88' lang='lat' dir='ltr'>unitatem</span> <span class='ocrx_word' id='word_1_19' title='bbox 568 378 807 437; x_wconf 84' lang='lat' dir='ltr'>constituendam</span> <span class='ocrx_word' id='word_1_20' title='bbox 837 390 942 437; x_wconf 83' lang='lat' dir='ltr'>natura</span> <span class='ocrx_word' id='word_1_21' title='bbox 971 396 1024 437; x_wconf 90' lang='lat' dir='ltr'>sua</span> 
     </span>
     <span class='ocr_line' id='line_1_4' title="bbox 37 467 1023 543; baseline 0.001 -18"><span class='ocrx_word' id='word_1_22' title='bbox 37 469 223 527; x_wconf 80' lang='lat' dir='ltr'>ordinantur:</span> <span class='ocrx_word' id='word_1_23' title='bbox 246 467 342 527; x_wconf 89' lang='lat' dir='ltr'>unitas</span> <span class='ocrx_word' id='word_1_24' title='bbox 356 469 470 543; x_wconf 86' lang='lat' dir='ltr'>agentis</span> <span class='ocrx_word' id='word_1_25' title='bbox 491 488 559 527; x_wconf 89' lang='lat' dir='ltr'>cum</span> <span class='ocrx_word' id='word_1_26' title='bbox 573 488 626 527; x_wconf 88' lang='lat' dir='ltr'>sua</span> <span class='ocrx_word' id='word_1_27' title='bbox 639 468 767 540; x_wconf 88' lang='lat' dir='ltr'>actione,</span> <span class='ocrx_word' id='word_1_28' title='bbox 790 467 885 527; x_wconf 85' lang='lat' dir='ltr'>unitas</span> <span class='ocrx_word' id='word_1_29' title='bbox 906 467 1023 526; x_wconf 82' lang='lat' dir='ltr'>animae</span> 
     </span>
     <span class='ocr_line' id='line_1_5' title="bbox 37 558 426 634; baseline 0.003 -19"><span class='ocrx_word' id='word_1_30' title='bbox 37 569 63 615; x_wconf 90' lang='lat' dir='ltr'>et</span> <span class='ocrx_word' id='word_1_31' title='bbox 84 558 222 634; x_wconf 88' lang='lat' dir='ltr'>corporis</span> <span class='ocrx_word' id='word_1_32' title='bbox 243 558 274 615; x_wconf 93' lang='lat' dir='ltr'>in</span> <span class='ocrx_word' id='word_1_33' title='bbox 295 559 426 617; x_wconf 91' lang='lat' dir='ltr'>homine.</span> 
     </span>
    </p>

    <p class='ocr_par' dir='ltr' id='par_1_3' title="bbox 35 641 1023 1061">
     <span class='ocr_line' id='line_1_6' title="bbox 93 641 1023 723; baseline -0.002 -19"><span class='ocrx_word' id='word_1_34' title='bbox 93 641 126 721; x_wconf 77' lang='lat' dir='ltr'>b)</span> <span class='ocrx_word' id='word_1_35' title='bbox 148 646 256 705; x_wconf 83' lang='lat' dir='ltr'>Unitas</span> <span class='ocrx_word' id='word_1_36' title='bbox 270 648 430 723; x_wconf 83' lang='lat' dir='ltr'>artificialis</span> <span class='ocrx_word' id='word_1_37' title='bbox 446 658 490 705; x_wconf 89' lang='lat' dir='ltr'>est</span> <span class='ocrx_word' id='word_1_38' title='bbox 510 646 648 704; x_wconf 89' lang='lat' dir='ltr'>indivisio</span> <span class='ocrx_word' id='word_1_39' title='bbox 669 664 781 717; x_wconf 86' lang='lat' dir='ltr'>eorum,</span> <span class='ocrx_word' id='word_1_40' title='bbox 804 665 881 721; x_wconf 88' lang='lat' dir='ltr'>quae</span> <span class='ocrx_word' id='word_1_41' title='bbox 903 645 941 703; x_wconf 88' lang='lat' dir='ltr'>ad</span> <span class='ocrx_word' id='word_1_42' title='bbox 962 645 1023 705; x_wconf 90' lang='lat' dir='ltr'>uui·</span> 
     </span>
     <span class='ocr_line' id='line_1_7' title="bbox 35 735 1023 806; baseline -0.001 -14"><span class='ocrx_word' id='word_1_43' title='bbox 35 746 125 793; x_wconf 87' lang='lat' dir='ltr'>tatem</span> <span class='ocrx_word' id='word_1_44' title='bbox 156 736 395 795; x_wconf 85' lang='lat' dir='ltr'>constituendam</span> <span class='ocrx_word' id='word_1_45' title='bbox 430 755 493 793; x_wconf 91' lang='lat' dir='ltr'>non</span> <span class='ocrx_word' id='word_1_46' title='bbox 524 756 560 794; x_wconf 84' lang='lat' dir='ltr'>ex</span> <span class='ocrx_word' id='word_1_47' title='bbox 591 746 696 793; x_wconf 86' lang='lat' dir='ltr'>natura</span> <span class='ocrx_word' id='word_1_48' title='bbox 730 754 796 806; x_wconf 90' lang='lat' dir='ltr'>sua,</span> <span class='ocrx_word' id='word_1_49' title='bbox 827 735 880 793; x_wconf 87' lang='lat' dir='ltr'>sed</span> <span class='ocrx_word' id='word_1_50' title='bbox 911 753 947 793; x_wconf 89' lang='lat' dir='ltr'>ex</span> <span class='ocrx_word' id='word_1_51' title='bbox 977 753 1023 792; x_wconf 87' lang='lat' dir='ltr'>ex·</span> 
     </span>
     <span class='ocr_line' id='line_1_8' title="bbox 35 822 1023 899; baseline -0.001 -18"><span class='ocrx_word' id='word_1_52' title='bbox 35 835 119 882; x_wconf 86' lang='lat' dir='ltr'>terna</span> <span class='ocrx_word' id='word_1_53' title='bbox 148 825 279 899; x_wconf 88' lang='lat' dir='ltr'>quadam</span> <span class='ocrx_word' id='word_1_54' title='bbox 307 824 495 883; x_wconf 86' lang='lat' dir='ltr'>ordinatione</span> <span class='ocrx_word' id='word_1_55' title='bbox 523 824 638 884; x_wconf 88' lang='lat' dir='ltr'>directa</span> <span class='ocrx_word' id='word_1_56' title='bbox 665 832 740 882; x_wconf 91' lang='lat' dir='ltr'>sunt.</span> <span class='ocrx_word' id='word_1_57' title='bbox 782 825 863 882; x_wconf 84' lang='lat' dir='ltr'>Talis</span> <span class='ocrx_word' id='word_1_58' title='bbox 891 834 934 883; x_wconf 89' lang='lat' dir='ltr'>est</span> <span class='ocrx_word' id='word_1_59' title='bbox 962 822 1023 881; x_wconf 91' lang='lat' dir='ltr'>uni·</span> 
     </span>
     <span class='ocr_line' id='line_1_9' title="bbox 35 912 1023 988; baseline -0.001 -18"><span class='ocrx_word' id='word_1_60' title='bbox 35 923 76 972; x_wconf 85' lang='lat' dir='ltr'>tas</span> <span class='ocrx_word' id='word_1_61' title='bbox 106 932 133 971; x_wconf 77' lang='lat' dir='ltr'>e,</span> <span class='ocrx_word' id='word_1_62' title='bbox 156 931 184 987; x_wconf 86' lang='lat' dir='ltr'>g.</span> <span class='ocrx_word' id='word_1_63' title='bbox 207 913 355 988; x_wconf 88' lang='lat' dir='ltr'>horologii</span> <span class='ocrx_word' id='word_1_64' title='bbox 383 915 430 971; x_wconf 90' lang='lat' dir='ltr'>vel</span> <span class='ocrx_word' id='word_1_65' title='bbox 450 914 538 972; x_wconf 91' lang='lat' dir='ltr'>vestis</span> <span class='ocrx_word' id='word_1_66' title='bbox 566 915 615 972; x_wconf 90' lang='lat' dir='ltr'>vel</span> <span class='ocrx_word' id='word_1_67' title='bbox 636 913 756 982; x_wconf 77' lang='lat' dir='ltr'>domm,</span> <span class='ocrx_word' id='word_1_68' title='bbox 783 913 908 970; x_wconf 88' lang='lat' dir='ltr'>aliorum</span> <span class='ocrx_word' id='word_1_69' title='bbox 928 912 1023 970; x_wconf 90' lang='lat' dir='ltr'>huius·</span> 
     </span>
     <span class='ocr_line' id='line_1_10' title="bbox 36 1002 148 1061; baseline 0.009 -2"><span class='ocrx_word' id='word_1_70' title='bbox 36 1002 118 1061; x_wconf 90' lang='lat' dir='ltr'>modi</span> <span class='ocrx_word' id='word_1_71' title='bbox 130 1004 148 1060; x_wconf 88' lang='lat'>¹.</span> 
     </span>
    </p>

    <p class='ocr_par' dir='ltr' id='par_1_4' title="bbox 32 1092 1025 1343">
     <span class='ocr_line' id='line_1_11' title="bbox 95 1092 1023 1166; baseline -0.002 -17"><span class='ocrx_word' id='word_1_72' title='bbox 95 1094 133 1149; x_wconf 94' lang='grc' dir='ltr'>ΙΙ.</span> <span class='ocrx_word' id='word_1_73' title='bbox 157 1092 261 1150; x_wconf 79' lang='lat' dir='ltr'>(sreitns</span> <span class='ocrx_word' id='word_1_74' title='bbox 280 1092 370 1164; x_wconf 84' lang='lat' dir='ltr'>logica</span> <span class='ocrx_word' id='word_1_75' title='bbox 386 1093 433 1150; x_wconf 91' lang='lat' dir='ltr'>vel</span> <span class='ocrx_word' id='word_1_76' title='bbox 454 1094 594 1149; x_wconf 82' lang='lat' dir='ltr'>rationis:</span> <span class='ocrx_word' id='word_1_77' title='bbox 615 1102 659 1151; x_wconf 88' lang='lat' dir='ltr'>est</span> <span class='ocrx_word' id='word_1_78' title='bbox 672 1092 802 1149; x_wconf 78' lang='lat' dir='ltr'>indivisio</span> <span class='ocrx_word' id='word_1_79' title='bbox 817 1092 946 1166; x_wconf 77' lang='lat' dir='ltr'>plnriiern</span> <span class='ocrx_word' id='word_1_80' title='bbox 967 1110 1023 1147; x_wconf 86' lang='lat' dir='ltr'>nen</span> 
     </span>
     <span class='ocr_line' id='line_1_12' title="bbox 33 1180 1022 1257; baseline 0.001 -21"><span class='ocrx_word' id='word_1_81' title='bbox 33 1183 62 1237; x_wconf 85' lang='lat' dir='ltr'>in</span> <span class='ocrx_word' id='word_1_82' title='bbox 89 1199 135 1249; x_wconf 86' lang='lat' dir='ltr'>se,</span> <span class='ocrx_word' id='word_1_83' title='bbox 163 1182 212 1238; x_wconf 83' lang='lat' dir='ltr'>vel</span> <span class='ocrx_word' id='word_1_84' title='bbox 229 1181 445 1257; x_wconf 78' lang='lat' dir='ltr'>independenter</span> <span class='ocrx_word' id='word_1_85' title='bbox 464 1202 484 1238; x_wconf 86' lang='lat' dir='ltr'>a</span> <span class='ocrx_word' id='word_1_86' title='bbox 504 1189 609 1249; x_wconf 83' lang='lat' dir='ltr'>mente,</span> <span class='ocrx_word' id='word_1_87' title='bbox 638 1180 736 1237; x_wconf 87' lang='lat' dir='ltr'>sedin</span> <span class='ocrx_word' id='word_1_88' title='bbox 757 1187 882 1256; x_wconf 80' lang='lat' dir='ltr'>conceptu</span> <span class='ocrx_word' id='word_1_89' title='bbox 902 1181 1022 1254; x_wconf 82' lang='lat' dir='ltr'>quedam</span> 
     </span>
     <span class='ocr_line' id='line_1_13' title="bbox 32 1270 1025 1343; baseline 0.001 -19"><span class='ocrx_word' id='word_1_90' title='bbox 32 1270 198 1338; x_wconf 60' lang='lat' dir='ltr'>une&#39;erersali,</span> <span class='ocrx_word' id='word_1_91' title='bbox 220 1288 299 1343; x_wconf 85' lang='lat' dir='ltr'>quem</span> <span class='ocrx_word' id='word_1_92' title='bbox 320 1288 396 1327; x_wconf 80' lang='lat' dir='ltr'>mens</span> <span class='ocrx_word' id='word_1_93' title='bbox 409 1271 566 1327; x_wconf 81' lang='lat' dir='ltr'>considerat</span> <span class='ocrx_word' id='word_1_94' title='bbox 584 1277 618 1326; x_wconf 84' lang='lat' dir='ltr'>ut</span> <span class='ocrx_word' id='word_1_95' title='bbox 636 1276 732 1337; x_wconf 82' lang='lat' dir='ltr'>tetum,</span> <span class='ocrx_word' id='word_1_96' title='bbox 755 1270 830 1325; x_wconf 82' lang='lat' dir='ltr'>cuius</span> <span class='ocrx_word' id='word_1_97' title='bbox 848 1276 1025 1343; x_wconf 73' lang='lat' dir='ltr'>parassent</span> 
     </span>
    </p>

    <p class='ocr_par' dir='ltr' id='par_1_5' title="bbox 16 1358 1023 1700">
     <span class='ocr_line' id='line_1_14' title="bbox 16 1358 1023 1434; baseline -0.003 -17"><span class='ocrx_word' id='word_1_98' title='bbox 16 1366 174 1434; x_wconf 77' lang='lat' dir='ltr'>treneeptus</span> <span class='ocrx_word' id='word_1_99' title='bbox 194 1358 278 1415; x_wconf 80' lang='lat' dir='ltr'>leuius</span> <span class='ocrx_word' id='word_1_100' title='bbox 297 1359 448 1431; x_wconf 73' lang='lat' dir='ltr'>inferrem.</span> <span class='ocrx_word' id='word_1_101' title='bbox 485 1359 534 1417; x_wconf 93' lang='lat' dir='ltr'>Sic</span> <span class='ocrx_word' id='word_1_102' title='bbox 555 1359 632 1417; x_wconf 90' lang='lat' dir='ltr'>inter</span> <span class='ocrx_word' id='word_1_103' title='bbox 653 1360 772 1416; x_wconf 89' lang='lat' dir='ltr'>Petrum</span> <span class='ocrx_word' id='word_1_104' title='bbox 793 1367 823 1415; x_wconf 93' lang='lat' dir='ltr'>et</span> <span class='ocrx_word' id='word_1_105' title='bbox 843 1358 965 1415; x_wconf 86' lang='lat' dir='ltr'>Paulum</span> <span class='ocrx_word' id='word_1_106' title='bbox 979 1367 1023 1415; x_wconf 88' lang='lat' dir='ltr'>est</span> 
     </span>
     <span class='ocr_line' id='line_1_15' title="bbox 31 1446 1022 1522; baseline -0.002 -17"><span class='ocrx_word' id='word_1_107' title='bbox 31 1450 130 1505; x_wconf 87' lang='lat' dir='ltr'>unitas</span> <span class='ocrx_word' id='word_1_108' title='bbox 150 1446 250 1521; x_wconf 88' lang='lat' dir='ltr'>logica</span> <span class='ocrx_word' id='word_1_109' title='bbox 277 1448 307 1504; x_wconf 92' lang='lat' dir='ltr'>in</span> <span class='ocrx_word' id='word_1_110' title='bbox 328 1457 478 1522; x_wconf 90' lang='lat' dir='ltr'>conceptu</span> <span class='ocrx_word' id='word_1_111' title='bbox 499 1446 637 1505; x_wconf 84' lang='lat' dir='ltr'>hominis.</span> <span class='ocrx_word' id='word_1_112' title='bbox 679 1450 766 1505; x_wconf 91' lang='lat' dir='ltr'>Haec</span> <span class='ocrx_word' id='word_1_113' title='bbox 794 1447 890 1505; x_wconf 91' lang='lat' dir='ltr'>unitas</span> <span class='ocrx_word' id='word_1_114' title='bbox 912 1456 955 1504; x_wconf 90' lang='lat' dir='ltr'>est</span> <span class='ocrx_word' id='word_1_115' title='bbox 975 1447 1022 1503; x_wconf 89' lang='lat' dir='ltr'>vel</span> 
     </span>
     <span class='ocr_line' id='line_1_16' title="bbox 30 1535 1022 1611; baseline -0.003 -16"><span class='ocrx_word' id='word_1_116' title='bbox 30 1536 175 1611; x_wconf 72' lang='lat' dir='ltr'>generice</span> <span class='ocrx_word' id='word_1_117' title='bbox 202 1536 250 1593; x_wconf 90' lang='lat' dir='ltr'>vel</span> <span class='ocrx_word' id='word_1_118' title='bbox 271 1536 426 1611; x_wconf 85' lang='lat' dir='ltr'>specifica,</span> <span class='ocrx_word' id='word_1_119' title='bbox 454 1547 542 1611; x_wconf 90' lang='lat' dir='ltr'>prout</span> <span class='ocrx_word' id='word_1_120' title='bbox 563 1546 727 1611; x_wconf 90' lang='lat' dir='ltr'>conceptus</span> <span class='ocrx_word' id='word_1_121' title='bbox 748 1535 796 1594; x_wconf 91' lang='lat' dir='ltr'>ille</span> <span class='ocrx_word' id='word_1_122' title='bbox 819 1535 1022 1594; x_wconf 84' lang='lat' dir='ltr'>consideratur</span> 
     </span>
     <span class='ocr_line' id='line_1_17' title="bbox 16 1617 394 1700; baseline 0 -17"><span class='ocrx_word' id='word_1_123' title='bbox 16 1617 62 1683; x_wconf 63' lang='lat' dir='ltr'>&#39;ut</span> <span class='ocrx_word' id='word_1_124' title='bbox 85 1644 181 1700; x_wconf 85' lang='lat' dir='ltr'>genus</span> <span class='ocrx_word' id='word_1_125' title='bbox 202 1626 250 1682; x_wconf 93' lang='lat' dir='ltr'>vel</span> <span class='ocrx_word' id='word_1_126' title='bbox 270 1624 394 1699; x_wconf 89' lang='lat' dir='ltr'>species.</span> 
     </span>
    </p>

    <p class='ocr_par' dir='ltr' id='par_1_6' title="bbox 28 1712 1023 1879">
     <span class='ocr_line' id='line_1_18' title="bbox 94 1712 1022 1789; baseline -0.001 -18"><span class='ocrx_word' id='word_1_127' title='bbox 94 1717 134 1771; x_wconf 91' lang='lat' dir='ltr'>Et</span> <span class='ocrx_word' id='word_1_128' title='bbox 147 1714 224 1771; x_wconf 84' lang='lat' dir='ltr'>haec</span> <span class='ocrx_word' id='word_1_129' title='bbox 235 1723 321 1771; x_wconf 90' lang='lat' dir='ltr'>erant</span> <span class='ocrx_word' id='word_1_130' title='bbox 334 1712 465 1772; x_wconf 84' lang='lat' dir='ltr'>dicenda</span> <span class='ocrx_word' id='word_1_131' title='bbox 474 1714 514 1773; x_wconf 94' lang='lat' dir='ltr'>de</span> <span class='ocrx_word' id='word_1_132' title='bbox 528 1714 684 1789; x_wconf 88' lang='lat' dir='ltr'>speciebus</span> <span class='ocrx_word' id='word_1_133' title='bbox 698 1713 824 1772; x_wconf 80' lang='lat' dir='ltr'>unitatis</span> <span class='ocrx_word' id='word_1_134' title='bbox 849 1714 1022 1771; x_wconf 87' lang='lat' dir='ltr'>Notandum</span> 
     </span>
     <span class='ocr_line' id='line_1_19' title="bbox 28 1802 1023 1879; baseline -0.001 -17"><span class='ocrx_word' id='word_1_135' title='bbox 28 1822 105 1862; x_wconf 89' lang='lat' dir='ltr'>vero</span> <span class='ocrx_word' id='word_1_136' title='bbox 127 1812 171 1862; x_wconf 89' lang='lat' dir='ltr'>est</span> <span class='ocrx_word' id='word_1_137' title='bbox 191 1803 365 1872; x_wconf 68' lang='lat' dir='ltr'>relationem,</span> <span class='ocrx_word' id='word_1_138' title='bbox 386 1802 415 1860; x_wconf 92' lang='lat' dir='ltr'>vi</span> <span class='ocrx_word' id='word_1_139' title='bbox 436 1803 518 1862; x_wconf 89' lang='lat' dir='ltr'>cuius</span> <span class='ocrx_word' id='word_1_140' title='bbox 538 1804 638 1879; x_wconf 89' lang='lat' dir='ltr'>plures</span> <span class='ocrx_word' id='word_1_141' title='bbox 659 1822 705 1862; x_wconf 90' lang='lat' dir='ltr'>res</span> <span class='ocrx_word' id='word_1_142' title='bbox 726 1802 767 1862; x_wconf 85' lang='lat' dir='ltr'>ita</span> <span class='ocrx_word' id='word_1_143' title='bbox 787 1802 969 1874; x_wconf 87' lang='lat' dir='ltr'>ordinantur,</span> <span class='ocrx_word' id='word_1_144' title='bbox 991 1813 1023 1861; x_wconf 91' lang='lat' dir='ltr'>ut</span> 
     </span>
    </p>
   </div>
   <div class='ocr_carea' id='block_1_3' title="bbox 29 1891 1022 2145">
    <p class='ocr_par' dir='ltr' id='par_1_7' title="bbox 29 1891 1022 2145">
     <span class='ocr_line' id='line_1_20' title="bbox 29 1891 1022 1968; baseline 0 -18"><span class='ocrx_word' id='word_1_145' title='bbox 29 1912 124 1950; x_wconf 91' lang='lat' dir='ltr'>unum</span> <span class='ocrx_word' id='word_1_146' title='bbox 154 1892 228 1968; x_wconf 91' lang='lat' dir='ltr'>quid</span> <span class='ocrx_word' id='word_1_147' title='bbox 257 1891 402 1962; x_wconf 83' lang='lat' dir='ltr'>efficiant,</span> <span class='ocrx_word' id='word_1_148' title='bbox 431 1912 449 1949; x_wconf 91' lang='lat' dir='ltr'>a</span> <span class='ocrx_word' id='word_1_149' title='bbox 477 1891 662 1968; x_wconf 89' lang='lat' dir='ltr'>philosophis</span> <span class='ocrx_word' id='word_1_150' title='bbox 690 1903 719 1950; x_wconf 90' lang='lat' dir='ltr'>et</span> <span class='ocrx_word' id='word_1_151' title='bbox 745 1893 892 1967; x_wconf 87' lang='lat' dir='ltr'>theologis</span> <span class='ocrx_word' id='word_1_152' title='bbox 921 1893 1022 1950; x_wconf 86' lang='lat' dir='ltr'>vocari</span> 
     </span>
     <span class='ocr_line' id='line_1_21' title="bbox 29 1981 1021 2056; baseline 0 -18"><span class='ocrx_word' id='word_1_153' title='bbox 29 1985 180 2049; x_wconf 82' lang='lat' dir='ltr'>unionem,</span> <span class='ocrx_word' id='word_1_154' title='bbox 209 1981 292 2039; x_wconf 89' lang='lat' dir='ltr'>cuius</span> <span class='ocrx_word' id='word_1_155' title='bbox 321 1981 449 2056; x_wconf 90' lang='lat' dir='ltr'>proinde</span> <span class='ocrx_word' id='word_1_156' title='bbox 479 1991 522 2039; x_wconf 93' lang='lat' dir='ltr'>tot</span> <span class='ocrx_word' id='word_1_157' title='bbox 552 1982 720 2039; x_wconf 88' lang='lat' dir='ltr'>enumerari</span> <span class='ocrx_word' id='word_1_158' title='bbox 747 1994 870 2056; x_wconf 89' lang='lat' dir='ltr'>possunt</span> <span class='ocrx_word' id='word_1_159' title='bbox 897 1982 1021 2056; x_wconf 72' lang='lat' dir='ltr'>species</span> 
     </span>
     <span class='ocr_line' id='line_1_22' title="bbox 31 2068 916 2145; baseline 0 -17"><span class='ocrx_word' id='word_1_160' title='bbox 31 2081 106 2145; x_wconf 90' lang='lat' dir='ltr'>quot</span> <span class='ocrx_word' id='word_1_161' title='bbox 128 2069 248 2128; x_wconf 87' lang='lat' dir='ltr'>unitatis</span> <span class='ocrx_word' id='word_1_162' title='bbox 270 2068 494 2144; x_wconf 89' lang='lat' dir='ltr'>compositionis</span> <span class='ocrx_word' id='word_1_163' title='bbox 515 2069 676 2128; x_wconf 89' lang='lat' dir='ltr'>divisiones</span> <span class='ocrx_word' id='word_1_164' title='bbox 696 2088 761 2129; x_wconf 91' lang='lat' dir='ltr'>esse</span> <span class='ocrx_word' id='word_1_165' title='bbox 782 2069 916 2128; x_wconf 85' lang='lat' dir='ltr'>diximus.</span> 
     </span>
    </p>
   </div>
   <div class='ocr_carea' id='block_1_4' title="bbox 213 2239 848 2306">
    <p class='ocr_par' dir='ltr' id='par_1_8' title="bbox 213 2239 848 2306">
     <span class='ocr_line' id='line_1_23' title="bbox 213 2239 848 2306; baseline 0.002 -16"><span class='ocrx_word' id='word_1_166' title='bbox 213 2239 231 2306; x_wconf 63' lang='grc' dir='ltr'><strong>ἓ</strong></span> <span class='ocrx_word' id='word_1_167' title='bbox 251 2255 275 2304; x_wconf 83' lang='lat'>3.</span> <span class='ocrx_word' id='word_1_168' title='bbox 306 2243 479 2292; x_wconf 78' lang='lat' dir='ltr'>Exsistentia</span> <span class='ocrx_word' id='word_1_169' title='bbox 497 2243 612 2292; x_wconf 83' lang='lat' dir='ltr'>unitatis</span> <span class='ocrx_word' id='word_1_170' title='bbox 631 2243 661 2291; x_wconf 90' lang='lat' dir='ltr'>in</span> <span class='ocrx_word' id='word_1_171' title='bbox 680 2244 757 2292; x_wconf 89' lang='lat' dir='ltr'>omni</span> <span class='ocrx_word' id='word_1_172' title='bbox 777 2251 848 2292; x_wconf 82' lang='lat' dir='ltr'>ente.</span> 
     </span>
    </p>
   </div>
   <div class='ocr_carea' id='block_1_5' title="bbox 16 2367 1022 2970">
    <p class='ocr_par' dir='ltr' id='par_1_9' title="bbox 16 2367 1022 2970">
     <span class='ocr_line' id='line_1_24' title="bbox 88 2367 1021 2433; baseline -0.002 -8"><span class='ocrx_word' id='word_1_173' title='bbox 88 2367 185 2426; x_wconf 85' lang='lat' dir='ltr'>Omne</span> <span class='ocrx_word' id='word_1_174' title='bbox 204 2383 254 2422; x_wconf 90' lang='lat' dir='ltr'>ens</span> <span class='ocrx_word' id='word_1_175' title='bbox 274 2372 430 2433; x_wconf 80' lang='lat' dir='ltr'>estunam,</span> <span class='ocrx_word' id='word_1_176' title='bbox 452 2367 500 2423; x_wconf 93' lang='lat' dir='ltr'>vel</span> <span class='ocrx_word' id='word_1_177' title='bbox 520 2385 608 2423; x_wconf 85' lang='lat' dir='ltr'>unum</span> <span class='ocrx_word' id='word_1_178' title='bbox 634 2374 662 2423; x_wconf 88' lang='lat' dir='ltr'>et</span> <span class='ocrx_word' id='word_1_179' title='bbox 684 2385 732 2423; x_wconf 87' lang='lat' dir='ltr'>ens</span> <span class='ocrx_word' id='word_1_180' title='bbox 752 2374 960 2424; x_wconf 81' lang='lat' dir='ltr'>convertuntur.</span> <span class='ocrx_word' id='word_1_181' title='bbox 983 2397 1021 2404; x_wconf 93' lang='lat'><em>-</em></span> 
     </span>
     <span class='ocr_line' id='line_1_25' title="bbox 27 2455 1020 2530; baseline -0.002 -16"><span class='ocrx_word' id='word_1_182' title='bbox 27 2457 153 2516; x_wconf 87' lang='lat' dir='ltr'>Etenim</span> <span class='ocrx_word' id='word_1_183' title='bbox 188 2471 295 2512; x_wconf 76' lang='lat' dir='ltr'>«omne</span> <span class='ocrx_word' id='word_1_184' title='bbox 326 2471 379 2512; x_wconf 91' lang='lat' dir='ltr'>ens</span> <span class='ocrx_word' id='word_1_185' title='bbox 409 2463 459 2511; x_wconf 90' lang='lat' dir='ltr'>aut</span> <span class='ocrx_word' id='word_1_186' title='bbox 488 2464 533 2512; x_wconf 88' lang='lat' dir='ltr'>est</span> <span class='ocrx_word' id='word_1_187' title='bbox 561 2456 703 2530; x_wconf 85' lang='lat' dir='ltr'>simplex,</span> <span class='ocrx_word' id='word_1_188' title='bbox 735 2464 785 2513; x_wconf 91' lang='lat' dir='ltr'>aut</span> <span class='ocrx_word' id='word_1_189' title='bbox 814 2455 1020 2530; x_wconf 90' lang='lat' dir='ltr'>compositum.</span> 
     </span>
     <span class='ocr_line' id='line_1_26' title="bbox 25 2542 1020 2620; baseline -0.004 -15"><span class='ocrx_word' id='word_1_190' title='bbox 25 2545 126 2620; x_wconf 89' lang='lat' dir='ltr'>Quod</span> <span class='ocrx_word' id='word_1_191' title='bbox 147 2552 247 2602; x_wconf 90' lang='lat' dir='ltr'>autem</span> <span class='ocrx_word' id='word_1_192' title='bbox 263 2552 307 2601; x_wconf 90' lang='lat' dir='ltr'>est</span> <span class='ocrx_word' id='word_1_193' title='bbox 321 2542 454 2618; x_wconf 88' lang='lat' dir='ltr'>simplex,</span> <span class='ocrx_word' id='word_1_194' title='bbox 476 2553 520 2600; x_wconf 93' lang='lat' dir='ltr'>est</span> <span class='ocrx_word' id='word_1_195' title='bbox 534 2543 692 2602; x_wconf 89' lang='lat' dir='ltr'>indivisum</span> <span class='ocrx_word' id='word_1_196' title='bbox 707 2555 736 2602; x_wconf 91' lang='lat' dir='ltr'>et</span> <span class='ocrx_word' id='word_1_197' title='bbox 750 2554 817 2602; x_wconf 84' lang='lat' dir='ltr'>actu</span> <span class='ocrx_word' id='word_1_198' title='bbox 836 2554 866 2602; x_wconf 91' lang='lat' dir='ltr'>et</span> <span class='ocrx_word' id='word_1_199' title='bbox 880 2543 1020 2620; x_wconf 85' lang='lat' dir='ltr'>potentia.</span> 
     </span>
     <span class='ocr_line' id='line_1_27' title="bbox 22 2632 1021 2709; baseline -0.004 -16"><span class='ocrx_word' id='word_1_200' title='bbox 22 2635 124 2709; x_wconf 88' lang='lat' dir='ltr'>Quod</span> <span class='ocrx_word' id='word_1_201' title='bbox 152 2643 252 2690; x_wconf 89' lang='lat' dir='ltr'>autem</span> <span class='ocrx_word' id='word_1_202' title='bbox 274 2642 318 2690; x_wconf 92' lang='lat' dir='ltr'>est</span> <span class='ocrx_word' id='word_1_203' title='bbox 338 2632 548 2707; x_wconf 90' lang='lat' dir='ltr'>compositum,</span> <span class='ocrx_word' id='word_1_204' title='bbox 575 2651 640 2690; x_wconf 90' lang='lat' dir='ltr'>non</span> <span class='ocrx_word' id='word_1_205' title='bbox 660 2633 751 2691; x_wconf 90' lang='lat' dir='ltr'>habet</span> <span class='ocrx_word' id='word_1_206' title='bbox 771 2652 851 2705; x_wconf 88' lang='lat' dir='ltr'>esse,</span> <span class='ocrx_word' id='word_1_207' title='bbox 881 2633 1021 2708; x_wconf 90' lang='lat' dir='ltr'>quamdiu</span> 
     </span>
     <span class='ocr_line' id='line_1_28' title="bbox 21 2720 1022 2800; baseline -0.003 -18"><span class='ocrx_word' id='word_1_208' title='bbox 21 2735 131 2800; x_wconf 86' lang='lat' dir='ltr'>partes</span> <span class='ocrx_word' id='word_1_209' title='bbox 150 2722 214 2780; x_wconf 89' lang='lat' dir='ltr'>eius</span> <span class='ocrx_word' id='word_1_210' title='bbox 229 2731 296 2778; x_wconf 91' lang='lat' dir='ltr'>sunt</span> <span class='ocrx_word' id='word_1_211' title='bbox 309 2720 431 2791; x_wconf 87' lang='lat' dir='ltr'>divisae,</span> <span class='ocrx_word' id='word_1_212' title='bbox 453 2720 506 2778; x_wconf 89' lang='lat' dir='ltr'>sed</span> <span class='ocrx_word' id='word_1_213' title='bbox 519 2733 678 2796; x_wconf 86' lang='lat' dir='ltr'>postquam</span> <span class='ocrx_word' id='word_1_214' title='bbox 700 2721 880 2780; x_wconf 91' lang='lat' dir='ltr'>constituunt</span> <span class='ocrx_word' id='word_1_215' title='bbox 900 2732 929 2779; x_wconf 94' lang='lat' dir='ltr'>et</span> <span class='ocrx_word' id='word_1_216' title='bbox 943 2741 1022 2779; x_wconf 93' lang='lat' dir='ltr'>com·</span> 
     </span>
     <span class='ocr_line' id='line_1_29' title="bbox 19 2809 1021 2889; baseline -0.002 -18"><span class='ocrx_word' id='word_1_217' title='bbox 19 2821 148 2889; x_wconf 88' lang='lat' dir='ltr'>ponunt</span> <span class='ocrx_word' id='word_1_218' title='bbox 169 2809 267 2885; x_wconf 90' lang='lat' dir='ltr'>ipsum</span> <span class='ocrx_word' id='word_1_219' title='bbox 288 2809 496 2884; x_wconf 91' lang='lat' dir='ltr'>compositum.</span> <span class='ocrx_word' id='word_1_220' title='bbox 538 2811 628 2869; x_wconf 92' lang='lat' dir='ltr'>Unde</span> <span class='ocrx_word' id='word_1_221' title='bbox 650 2811 836 2869; x_wconf 87' lang='lat' dir='ltr'>manifestum</span> <span class='ocrx_word' id='word_1_222' title='bbox 858 2820 917 2882; x_wconf 90' lang='lat' dir='ltr'>est,</span> <span class='ocrx_word' id='word_1_223' title='bbox 940 2811 1021 2885; x_wconf 87' lang='lat' dir='ltr'>quod</span> 
     </span>
     <span class='ocr_line' id='line_1_30' title="bbox 16 2898 1020 2970; baseline -0.004 -10"><span class='ocrx_word' id='word_1_224' title='bbox 16 2921 92 2960; x_wconf 83' lang='lat' dir='ltr'>esse</span> <span class='ocrx_word' id='word_1_225' title='bbox 117 2899 276 2957; x_wconf 91' lang='lat' dir='ltr'>cuiuslibet</span> <span class='ocrx_word' id='word_1_226' title='bbox 303 2898 347 2956; x_wconf 93' lang='lat' dir='ltr'>rei</span> <span class='ocrx_word' id='word_1_227' title='bbox 368 2898 501 2956; x_wconf 91' lang='lat' dir='ltr'>consistit</span> <span class='ocrx_word' id='word_1_228' title='bbox 528 2898 558 2956; x_wconf 92' lang='lat' dir='ltr'>in</span> <span class='ocrx_word' id='word_1_229' title='bbox 579 2899 765 2957; x_wconf 92' lang='lat' dir='ltr'>indivisione.</span> <span class='ocrx_word' id='word_1_230' title='bbox 808 2901 846 2957; x_wconf 91' lang='lat' dir='ltr'>Et</span> <span class='ocrx_word' id='word_1_231' title='bbox 873 2899 943 2958; x_wconf 88' lang='lat' dir='ltr'>inde</span> <span class='ocrx_word' id='word_1_232' title='bbox 968 2909 1020 2970; x_wconf 91' lang='lat' dir='ltr'>est,</span> 
     </span>
    </p>
   </div>
   <div class='ocr_carea' id='block_1_6' title="bbox 15 2412 22 2465">
    <p class='ocr_par' dir='ltr' id='par_1_10' title="bbox 15 2412 22 2465">
     <span class='ocr_line' id='line_1_31' title="bbox 15 2412 22 2465; baseline 0 0"><span class='ocrx_word' id='word_1_233' title='bbox 15 2412 22 2465; x_wconf 88' lang='lat' dir='ltr'>l</span> 
     </span>
    </p>
   </div>
   <div class='ocr_carea' id='block_1_7' title="bbox 15 3093 1021 3398">
    <p class='ocr_par' dir='ltr' id='par_1_11' title="bbox 15 3093 1021 3398">
     <span class='ocr_line' id='line_1_32' title="bbox 89 3093 1021 3158; baseline 0 -16"><span class='ocrx_word' id='word_1_234' title='bbox 89 3093 99 3125; x_wconf 86' lang='lat'><strong>¹</strong></span> <span class='ocrx_word' id='word_1_235' title='bbox 122 3093 190 3142; x_wconf 90' lang='lat' dir='ltr'>Sunt</span> <span class='ocrx_word' id='word_1_236' title='bbox 208 3094 251 3158; x_wconf 92' lang='lat' dir='ltr'>qui</span> <span class='ocrx_word' id='word_1_237' title='bbox 271 3093 303 3141; x_wconf 91' lang='lat' dir='ltr'>de</span> <span class='ocrx_word' id='word_1_238' title='bbox 322 3093 416 3142; x_wconf 85' lang='lat' dir='ltr'>unitate</span> <span class='ocrx_word' id='word_1_239' title='bbox 434 3096 613 3157; x_wconf 53' lang='lat' dir='ltr'>aggregatione&amp;</span> <span class='ocrx_word' id='word_1_240' title='bbox 632 3094 780 3158; x_wconf 89' lang='lat' dir='ltr'>loquuntur,</span> <span class='ocrx_word' id='word_1_241' title='bbox 800 3109 822 3142; x_wconf 86' lang='lat' dir='ltr'>e.</span> <span class='ocrx_word' id='word_1_242' title='bbox 842 3110 866 3156; x_wconf 86' lang='lat' dir='ltr'>g.</span> <span class='ocrx_word' id='word_1_243' title='bbox 886 3095 969 3142; x_wconf 86' lang='lat' dir='ltr'>acervi</span> <span class='ocrx_word' id='word_1_244' title='bbox 988 3093 1021 3142; x_wconf 86' lang='lat' dir='ltr'>la-</span> 
     </span>
     <span class='ocr_line' id='line_1_33' title="bbox 15 3172 1019 3242; baseline -0.004 -18"><span class='ocrx_word' id='word_1_245' title='bbox 15 3177 133 3242; x_wconf 81' lang='lat' dir='ltr'>pidum,</span> <span class='ocrx_word' id='word_1_246' title='bbox 153 3173 239 3232; x_wconf 90' lang='lat' dir='ltr'>urbis,</span> <span class='ocrx_word' id='word_1_247' title='bbox 259 3174 350 3232; x_wconf 83' lang='lat' dir='ltr'>silvae,</span> <span class='ocrx_word' id='word_1_248' title='bbox 376 3182 482 3237; x_wconf 92' lang='lat' dir='ltr'>propter</span> <span class='ocrx_word' id='word_1_249' title='bbox 499 3175 710 3236; x_wconf 79' lang='lat' dir='ltr'>irextapesitienene</span> <span class='ocrx_word' id='word_1_250' title='bbox 729 3172 853 3236; x_wconf 86' lang='lat' dir='ltr'>lapidum,</span> <span class='ocrx_word' id='word_1_251' title='bbox 881 3174 1019 3232; x_wconf 87' lang='lat' dir='ltr'>domorum,</span> 
     </span>
     <span class='ocr_line' id='line_1_34' title="bbox 15 3251 1020 3317; baseline -0.006 -11"><span class='ocrx_word' id='word_1_252' title='bbox 15 3257 159 3306; x_wconf 84' lang='lat' dir='ltr'>arborum.</span> <span class='ocrx_word' id='word_1_253' title='bbox 195 3253 247 3301; x_wconf 87' lang='lat' dir='ltr'>Sed</span> <span class='ocrx_word' id='word_1_254' title='bbox 265 3269 340 3301; x_wconf 89' lang='lat' dir='ltr'>nemo</span> <span class='ocrx_word' id='word_1_255' title='bbox 359 3262 411 3312; x_wconf 87' lang='lat' dir='ltr'>est,</span> <span class='ocrx_word' id='word_1_256' title='bbox 431 3253 472 3317; x_wconf 91' lang='lat' dir='ltr'>qui</span> <span class='ocrx_word' id='word_1_257' title='bbox 492 3269 544 3301; x_wconf 92' lang='lat' dir='ltr'>non</span> <span class='ocrx_word' id='word_1_258' title='bbox 562 3253 646 3301; x_wconf 86' lang='lat' dir='ltr'>videat</span> <span class='ocrx_word' id='word_1_259' title='bbox 664 3253 738 3300; x_wconf 87' lang='lat' dir='ltr'>talem</span> <span class='ocrx_word' id='word_1_260' title='bbox 757 3251 875 3300; x_wconf 86' lang='lat' dir='ltr'>unitatem</span> <span class='ocrx_word' id='word_1_261' title='bbox 894 3267 945 3299; x_wconf 90' lang='lat' dir='ltr'>non</span> <span class='ocrx_word' id='word_1_262' title='bbox 965 3267 1020 3300; x_wconf 87' lang='lat' dir='ltr'>esse</span> 
     </span>
     <span class='ocr_line' id='line_1_35' title="bbox 15 3334 507 3398; baseline -0.006 -13"><span class='ocrx_word' id='word_1_263' title='bbox 15 3336 132 3394; x_wconf 85' lang='lat' dir='ltr'>realem,</span> <span class='ocrx_word' id='word_1_264' title='bbox 152 3334 201 3382; x_wconf 88' lang='lat' dir='ltr'>sed</span> <span class='ocrx_word' id='word_1_265' title='bbox 220 3341 316 3382; x_wconf 85' lang='lat' dir='ltr'>tantum</span> <span class='ocrx_word' id='word_1_266' title='bbox 334 3341 507 3398; x_wconf 81' lang='lat' dir='ltr'>apparentem.</span> 
     </span>
    </p>
   </div>
   <div class='ocr_carea' id='block_1_8' title="bbox 0 0 1180 3700">
    <p class='ocr_par' dir='ltr' id='par_1_12' title="bbox 0 0 1180 3700">
     <span class='ocr_line' id='line_1_36' title="bbox 0 0 1180 3700; baseline 0 2"><span class='ocrx_word' id='word_1_267' title='bbox 0 0 1180 3700; x_wconf 95' lang='lat' dir='ltr'> </span> 
     </span>
    </p>
   </div>
  </div>
 </body>
</html>
