2350 3700
456 112 495 147 DE
514 112 598 149 Bono.

441 286 550 343 Carur
571 302 613 343 111.

276 410 335 465 DE
356 408 469 467 BONO
491 410 545 465 ET
566 410 623 465 DE
645 407 774 465 MALO.

425 559 591 606 Anrrcunus
611 570 628 606 1.

439 671 488 719 DE
507 672 615 724 BONO.

390 808 407 874 ἓ
430 824 452 862 r.
483 812 554 861 Eius
573 812 661 861 notio.

89 935 149 991 Ens
177 944 284 1009 potest
304 934 434 1008 denique
456 934 639 993 considerari
661 932 692 991 in
713 952 765 993 sua
788 934 932 991 relatione
954 952 1022 991 cum

40 1023 169 1079 uoluntate
197 1025 250 1081 vel
275 1042 334 1080 cum
355 1026 494 1099 appetito,
523 1033 553 1081 et
580 1024 640 1081 hoc
667 1022 789 1098 speciali
819 1022 925 1081 ordine
947 1022 1022 1080 entis

40 1130 95 1168 cum
132 1112 274 1187 appetitu
308 1112 492 1170 constituitur
526 1112 612 1170 tertia
646 1112 708 1170 eius
743 1110 909 1187 proprietas
945 1121 1023 1167 tran·

40 1200 240 1272 scendentaliS,
264 1220 340 1276 quae
354 1202 461 1259 dicitur
474 1203 590 1259 bonitas.
620 1201 768 1259 Definitur
782 1210 880 1258 autem
895 1200 1021 1271 bonitas,

40 1301 63 1345 ut
80 1288 128 1347 sit:
158 1292 357 1347 convenientia
384 1292 454 1347 catis
474 1309 534 1347 cum
555 1293 687 1366 appetito.
731 1289 851 1347 Bonitas
872 1301 1022 1347 transcen·

39 1378 163 1451 dentalia,
180 1379 348 1437 formaliter
362 1379 505 1454 inspecta,
521 1390 565 1437 est
579 1380 675 1455 ipsum
689 1398 742 1437 ens
752 1389 897 1455 quatenus
907 1388 1021 1436 amatur

38 1468 132 1525 aDeo
153 1469 206 1525 vel
229 1478 375 1542 quatenus
397 1478 441 1526 est
461 1468 623 1543 appetibile
645 1488 663 1525 a
677 1485 866 1543 quocumque
888 1466 1020 1543 appetitu

37 1568 137 1626 creat0,
159 1575 241 1615 voce
257 1557 403 1632 appetitus
418 1556 449 1614 in
470 1575 558 1615 sensu
572 1557 714 1615 latissimo
729 1567 852 1632 sumpta,
875 1566 963 1632 prout
978 1565 1022 1613 est

37 1642 205 1702 «inclinatio
228 1646 305 1703 entis
325 1645 364 1703 ad
386 1646 515 1719 aliquam
537 1664 600 1703 rem
622 1646 677 1703 sibi
699 1645 957 1703 convenientem».

86 1734 180 1791 Ratio
203 1752 286 1804 vera,
311 1744 546 1810 propterquam
572 1753 625 1792 ens
646 1734 768 1809 aliquod
792 1735 892 1809 appeti
914 1744 1020 1809 potest,

34 1831 71 1879 est
90 1821 154 1881 eius
169 1823 316 1900 perfectio
337 1819 437 1895 (actus,
460 1817 594 1898 entitasl:
616 1823 685 1882 ideo
707 1822 786 1882 enirn
809 1822 955 1899 appetitur
984 1824 1021 1880 ab

34 1912 161 1986 appetitu
186 1922 299 1984 creato,
322 1913 393 1986 quia
412 1914 503 1970 habet
524 1914 562 1971 de
585 1932 658 1983 esse,
682 1913 763 1988 quod
784 1913 877 1988 possit
897 1912 1021 1988 implere

34 2002 231 2075 capacitatem
257 2001 431 2077 appetentis,
474 2002 604 2059 Proinde
633 2002 697 2077 ipsa
725 2020 823 2060 rerum
849 2001 954 2059 entitas
975 2002 1022 2060 vel

34 2091 176 2164 perfectio
201 2089 308 2148 dicitur
325 2091 549 2165 fundamentum
577 2091 717 2148 bonitatis
747 2090 1021 2150 transcendentalis.

337 2265 354 2332 ἓ
375 2283 398 2317 2.
430 2269 549 2332 Species
567 2270 710 2319 bonitatis.

80 2394 105 2448 I.
130 2393 260 2449 Praeter
279 2391 445 2450 bonitatem
465 2391 758 2450 transcendentalem
778 2392 826 2449 vel
848 2391 1023 2467 metaphysi-

34 2499 106 2552 am,
140 2498 224 2555 quae
251 2481 339 2538 rebus
360 2480 501 2539 convenit
522 2493 668 2555 quatenus
688 2481 800 2538 habent
821 2482 859 2538 de
882 2499 961 2547 esse,
994 2491 1023 2539 et

34 2587 102 2644 {uae
118 2569 254 2643 proinde
269 2571 346 2626 omm'
357 2573 418 2626 enti
429 2569 579 2641 convenit,
601 2569 788 2644 distinguitur
802 2569 891 2626 etiam
905 2569 1023 2628 bonitas

34 2658 174 2716 taturalis
195 2659 242 2715 vel
263 2659 385 2733 physica
406 2668 436 2716 et
456 2659 573 2716 bonitas
594 2659 722 2728 moralis,
748 2677 824 2732 quae
846 2658 934 2716 rebus
954 2678 1023 2717 con·

34 2748 154 2804 reniunt
178 2756 323 2820 quatenus
343 2748 455 2805 habent
475 2749 532 2804 tole
552 2765 617 2804 esse
639 2747 875 2805 determinatum.

81 2835 215 2894 Bonitas
251 2835 392 2894 naturalis
427 2837 474 2894 vel
505 2837 624 2912 physico
657 2847 701 2894 est
734 2836 945 2894 convenientia
974 2838 1023 2895 de·

34 2925 211 2982 erminatae
232 2923 275 2982 rei
296 2944 363 2983 cum
385 2925 526 3000 appetitu,
548 2926 672 2983 fundata
686 2925 717 2982 in
737 2943 783 2996 eo,
806 2927 888 2999 quod
910 2945 956 2984 res
974 2926 1023 2983 illa

34 3015 122 3072 tabet
151 3031 258 3070 omnes
287 3013 423 3071 entitates
451 3015 498 3072 vel
519 3013 736 3088 perfectiones,
766 3033 839 3089 quas
860 3016 1023 3073 secundum

34 3101 216 3176 exigentiam
230 3120 299 3160 suae
314 3112 437 3160 naturae
453 3102 616 3160 formaliter
630 3103 782 3178 inspectae
797 3103 907 3162 habere
923 3105 1021 3162 debet.

34 3191 73 3249 lic
98 3190 205 3266 paniS,
235 3198 268 3247 ut
286 3209 350 3258 ens,
372 3192 463 3248 habet
484 3208 567 3248 suam
588 3191 752 3247 bonitatem
773 3192 1023 3264 metaphysieam3

34 3287 56 3336 rt
69 3281 169 3355 panis
196 3295 269 3335 vero
296 3277 404 3336 debitis
431 3277 666 3351 perfectionibus
686 3276 851 3349 praeditus,
880 3287 1025 3348 quatenus
