2350 3700
318 127 356 163 DE
375 124 571 171 QUANTITATIS
591 124 792 161 LIMITATIONE.
1000 122 1047 175 351

118 277 195 333 Item
224 293 263 333 ex
288 274 453 349 disciplinis
481 274 660 349 ontologicis
681 273 790 331 scimus
812 273 957 330 inlinitum
985 290 1050 330 esse

61 364 186 439 duplex:
209 362 356 421 infinitum
377 374 446 421 actu
466 374 497 421 et
517 363 664 421 infinitum
685 363 819 437 potentia
833 364 849 419 ¹.

17 451 18 454 ’
120 453 284 527 Quaeritur
304 452 442 528 proinde,
464 471 504 509 an
525 454 674 527 quantitas
688 452 749 510 sive
764 451 892 509 discreta
907 452 967 509 sive
982 468 1051 508 con-

17 601 18 608 ,
62 541 142 600 tinua
161 552 230 600 actu
251 542 300 599 vel
320 543 425 599 saltem
445 541 580 617 potentia
601 540 715 599 infinita
735 558 801 599 esse
821 538 922 615 possit.

17 641 18 644 ’
120 633 186 688 Iam
206 648 280 689 vero
300 631 358 688 hac
378 630 410 687 in
438 648 470 689 re
495 649 560 688 non
587 649 693 689 omnes
721 629 854 688 omnium
883 640 1051 705 temporum

67 720 237 795 philosophi
258 730 343 778 erant
364 720 541 777 concordes,

123 808 300 884 Philosophi
321 808 401 866 enirn
422 810 531 883 graeci,
554 808 632 866 iuter
647 826 721 882 quos
735 807 910 866 Aristoteles
924 806 1052 865 maxime

17 887 23 917 ³
65 899 223 969 eminebat,
246 915 402 955 numerum
423 908 491 955 actu
512 896 659 955 infinitum
673 914 738 955 esse
752 898 933 955 asserebant.
957 897 1051 967 Idem,

16 931 21 1063 i
66 986 280 1046 recentioribus
294 985 486 1062 temporibus,
502 986 566 1061 ipse
581 985 751 1044 Leibnizius
765 996 795 1044 et
809 986 868 1057 alii,
882 1004 946 1043 non
960 983 1051 1055 multi,

67 1077 297 1134 affirmaverunt.

123 1164 301 1224 Communis
322 1176 421 1223 autem
448 1164 692 1223 scholasticomm
720 1163 867 1223 sententia
893 1173 975 1221 tenet
1002 1182 1053 1221 nu·

65 1273 177 1313 mamm
207 1264 275 1312 actu
302 1254 448 1313 infinitum
475 1264 505 1313 et
533 1264 753 1329 consequenter
774 1254 884 1311 molem
911 1254 1053 1329 infinitam

65 1352 127 1401 aaa
154 1343 281 1402 omnino
308 1361 491 1419 repugnare,
519 1361 584 1401 non
611 1353 710 1402 autem
737 1360 893 1400 numerum
920 1342 1054 1418 potentia

21 1397 29 1514 i¹
64 1433 219 1491 infinitum.
251 1432 341 1491 Cuius
362 1432 526 1491 sententiae
548 1433 678 1491 fautores
696 1432 849 1508 praecipui
867 1442 935 1490 sunt
949 1434 1053 1490 Scotus

65 1534 93 1581 et
114 1524 143 1581 S.
166 1524 386 1581 Bonaventura.

19 1625 24 1707 p
124 1612 154 1669 S.
177 1612 295 1670 Doctor
314 1629 402 1683 ver0,
431 1610 567 1686 Magistri
594 1610 741 1671 sententia
766 1629 830 1669 non
858 1612 962 1670 leviter
990 1628 1055 1686 per·

64 1702 171 1771 culsus,
193 1699 293 1775 priore
314 1710 450 1777 tempore
471 1700 578 1757 dubius
598 1701 656 1757 hac
677 1700 708 1757 in
729 1718 761 1759 re
783 1701 913 1759 haesisse
929 1699 1053 1771 videtur,

64 1799 95 1847 ut
110 1800 229 1847 constat
243 1808 280 1847 ex
294 1791 437 1866 opusculo
449 1809 495 1863 23,
511 1789 559 1847 cui
572 1789 686 1847 titulus:
701 1791 749 1847 De
764 1790 937 1848 aeternitate
952 1789 1055 1847 mundi

65 1891 172 1937 contra
199 1890 424 1938 murmurantes.
466 1879 549 1937 Alias
577 1890 691 1950 autem,
720 1879 837 1954 longius
864 1889 961 1938 aetate
989 1897 1056 1955 pro·

64 1979 176 2040 vectus,
199 1968 280 2026 illam
301 1968 529 2044 repugnantiam
551 1967 669 2027 admisit
681 1969 699 2026 ².

125 2058 230 2131 Quare
244 2058 488 2116 scholasticorum
502 2057 680 2116 sententiam
690 2057 791 2130 secuti,
809 2057 888 2116 hanc
902 2069 933 2116 ut
943 2068 1055 2116 certam

65 2147 220 2206 statuimus

17 2254 27 2409 ι
125 2289 254 2337 Thesim.
284 2278 440 2352 Quantitas
453 2279 511 2338 siae
523 2281 645 2336 da'screta
656 2281 715 2338 sinc
723 2281 854 2338 continua
864 2287 927 2338 acta
941 2282 1056 2356 infinita

65 2376 219 2444 repugnat,
234 2369 365 2444 patentia
384 2376 479 2426 tamen
499 2370 614 2444 infinita
635 2371 735 2446 optime
755 2371 914 2445 concipitur.

126 2498 232 2546 Thesis
250 2498 376 2560 probatio
394 2513 444 2561 per
461 2507 563 2561 partes.
597 2491 618 2548 I.
644 2489 751 2563 Quoad
760 2492 945 2565 quantitatem
959 2491 1056 2548 discre-

17 2652 18 2677 ,
66 2584 128 2635 tam
150 2579 199 2636 ael
215 2596 371 2634 numeram.

17 2746 18 2751 χ
132 2705 157 2742 1.
186 2684 335 2742 Numems
355 2690 419 2740 actu
439 2684 568 2758 infinitas
588 2702 653 2743 esse
673 2705 737 2744 non
758 2696 864 2760 potest.
896 2686 1055 2743 Probatur:

17 2770 19 2835 i
129 2769 159 2847 a)
178 2773 233 2830 Ex
245 2775 306 2848 ipsa
319 2781 446 2849 concepta
460 2776 573 2831 numeri
584 2776 699 2850 infiniti.
721 2775 872 2833 Infinitum
887 2785 953 2833 actu
964 2785 1008 2833 est
1017 2775 1057 2846 id,

17 2853 30 2941 f
67 2863 154 2937 quod
174 2861 299 2920 limitem
319 2881 381 2920 non
402 2864 493 2921 habet
513 2863 545 2920 in
572 2863 622 2936 iis,
652 2882 729 2938 quae
757 2866 874 2923 realiter
901 2866 1057 2923 habentur.

66 2951 201 3010 Proinde
229 2969 369 3011 munerus
397 2951 526 3010 infinitus
553 2964 621 3011 actu
648 2953 697 3012 ille
726 2963 819 3024 esset,
850 2953 901 3028 qui
928 2964 973 3012 tot
999 2954 1058 3012 iam

66 3042 198 3099 unitates
219 3051 287 3098 actu
301 3040 475 3112 includeret,
497 3051 528 3099 ut
542 3060 679 3101 crescere
694 3060 748 3118 per
762 3043 948 3102 additionem
961 3061 1058 3101 novae

66 3131 189 3188 unitatis
217 3129 338 3206 concipi
365 3148 428 3187 non
455 3141 563 3206 posset.
607 3131 666 3190 Sed
694 3131 753 3189 hoc
780 3149 884 3190 revera
911 3150 1059 3190 essenon

133 3305 143 3336 ¹
162 3307 202 3356 Cf.
222 3323 298 3370 supra
316 3323 341 3370 p.
362 3319 414 3366 240
433 3316 459 3355 et
477 3319 536 3367 241.
612 3305 622 3336 ²
642 3307 680 3355 Cf.
700 3308 725 3355 S.
746 3308 822 3356 theol.
842 3308 862 3367 1,
882 3324 907 3370 q.
928 3318 950 3368 7,
971 3323 992 3354 a.
1013 3319 1037 3364 4.
