2350 3700
182 143 220 178 DE
240 143 390 180 DIVISIONE
409 143 645 180 PROPOSITIONUM
664 143 897 180 comost'rxxuu.
1000 141 1033 193 47

105 285 136 364 b)
165 300 197 348 ut
215 291 354 349 membra
374 291 424 348 illa
452 291 508 349 sibi
534 309 639 350 revera
667 301 873 366 opponantur,
902 290 1035 366 alioquin

29 389 171 452 possent
191 397 257 438 esse
279 379 365 437 simul
386 398 466 438 vera.

104 469 145 525 Et
166 467 217 526 illa
231 467 355 543 quidem
369 479 413 527 est
427 467 593 546 propositio
607 470 729 544 proprie
742 467 927 538 disiunctiva,
946 488 965 527 a
978 487 1037 544 qua

30 555 258 631 distinguenda
268 566 312 615 est
321 556 487 632 propositio
496 558 650 633 improprie
659 555 843 615 disiunctiva.
868 559 937 615 Hac
946 556 1036 627 enim,

29 644 180 704 adhibita
186 645 333 721 particula
341 646 394 714 vel,
404 645 559 717 indicatur,
571 646 596 704 si
605 645 703 704 minus
713 645 815 703 omnia
824 645 1037 721 propositionis

30 735 192 805 membra,
208 735 255 793 vel
269 736 374 793 saltem
388 753 479 793 unum
490 752 526 794 ex
535 734 570 793 iis
580 751 684 793 verum
694 751 767 794 esse.
792 735 868 793 «Vel
877 736 981 794 Petrus
989 736 1037 792 vel

33 825 178 882 Ioannes
191 825 340 883 latronem
354 822 501 900 occiditr3
521 841 594 882 vera
608 834 652 882 est
665 824 741 882 haec
756 823 929 900 propositio
948 823 1036 882 etiam

35 913 66 970 si
88 913 184 971 ambo
205 913 354 972 latronem
375 911 558 972 occiderunt.
588 911 672 971 Alius
692 931 766 971 vero
787 931 890 972 sensus
906 923 991 984 esset,
1013 911 1038 971 si

37 1001 212 1061 diceretur:
238 1011 306 1059 «aut
325 1004 428 1061 Petrus
448 1002 598 1061 latronem
619 1001 731 1060 occidit
751 1012 801 1060 ant
820 1003 978 1061 loannes».

105 1090 278 1166 Propositio
300 1091 493 1166 hypothetica
512 1100 574 1149 tum
603 1089 793 1149 coniunctiva
819 1100 882 1148 tum
912 1089 1038 1149 disiunc-

42 1181 106 1238 tiva
136 1179 227 1238 facile
258 1181 366 1238 resolvi
394 1191 424 1238 et
444 1179 547 1238 reduci
568 1189 667 1255 potest
687 1180 727 1238 ad
748 1180 876 1238 formam
895 1180 1038 1256 hypothe-

44 1268 123 1326 ticae
155 1287 299 1328 conexae.
340 1267 568 1328 Exercitationis
588 1287 661 1327 vero
682 1286 772 1327 causa
792 1269 929 1345 exempla
950 1286 1038 1345 supra

44 1357 136 1416 allata
158 1358 198 1415 ad
218 1359 298 1416 hanc
319 1358 447 1416 formam
467 1358 506 1416 ab
527 1357 599 1434 ipsis
620 1355 772 1432 discipulis
793 1357 981 1416 reducentur.

255 1525 273 1592 ἓ
292 1541 316 1591 3.
349 1531 392 1578 De
411 1529 657 1593 propositlomlrus
676 1529 842 1593 complexis.

107 1653 132 1710 Ι.
163 1651 332 1728 Propositio
360 1654 516 1728 complexa
543 1671 580 1711 ea
608 1663 667 1723 est,
696 1653 778 1712 cuius
806 1653 970 1711 subiectum
991 1654 1039 1712 vel

44 1739 257 1816 praedicatum
272 1751 316 1799 est
330 1740 471 1801 terminus
485 1742 643 1818 complexus
656 1742 673 1799 ¹.
705 1743 826 1800 «Homo
847 1741 966 1817 sapiens
981 1736 1040 1816 (vel

43 1831 152 1902 homo,
175 1829 227 1905 qui
248 1841 292 1890 est
312 1825 441 1907 sapiens)
462 1830 658 1891 laudabitur.»

109 1922 150 1978 Π,
173 1921 209 1978 In
230 1919 437 1996 propositione
458 1922 624 1996 complexa,
646 1920 769 1978 incidens
789 1938 907 1996 semper
928 1920 959 1978 in
973 1938 1040 1995 pro·

44 2009 232 2085 positionem
247 2010 378 2084 aliquam
392 2010 500 2068 resolvi
514 2019 630 2085 potest3
643 2008 714 2067 hinc
731 2008 918 2085 distinguitur
932 2028 1040 2085 propo·

45 2097 116 2157 sitio
122 2100 303 2174 principalis,
314 2099 345 2156 in
355 2117 415 2174 qua
423 2094 592 2157 continetur
600 2096 742 2156 terminus
749 2096 932 2174 principalis,
941 2108 970 2157 et
973 2107 1041 2173 pra

39 2188 153 2263 positio
166 2188 297 2256 incidens,
314 2188 456 2263 adquam
471 2186 602 2263 pertinet
615 2185 757 2246 terminus
771 2187 908 2246 incidens
923 2182 963 2263 (p.
979 2182 1039 2261 30).

111 2276 246 2350 Quando
268 2277 409 2336 terminus
430 2276 567 2336 incidens
580 2278 629 2335 vel
642 2276 809 2352 propositio
822 2276 960 2335 incidens
974 2287 1042 2335 sunt

47 2366 230 2441 explicativi,
245 2365 411 2443 propositio
425 2367 582 2442 complexa
595 2384 714 2441 semper
724 2366 941 2441 estmultiplcx;
956 2384 1041 2425 secus

46 2474 133 2527 vero,
156 2455 316 2514 sitantum
338 2454 494 2515 restrictivi
515 2466 591 2517 sunt.
620 2456 682 2513 Res
702 2452 747 2513 his
769 2454 884 2513 duobus
899 2454 1043 2530 exemplis

48 2545 226 2603 illustratur:
252 2546 352 2604 «Deus
365 2544 555 2620 omnipotens
571 2538 634 2619 (qui
648 2554 692 2602 est
706 2538 907 2619 omnipotens)
923 2553 1041 2602 sanctus

49 2644 124 2706 est»,
147 2634 229 2692 idem
250 2643 296 2693 est
315 2653 358 2716 acl
368 2635 467 2693 «Deus
488 2644 534 2692 est
553 2632 745 2708 omnipotens
765 2639 792 2689 et
811 2642 946 2691 sanctus»
965 2628 1042 2708 (pro

49 2722 162 2799 positio
183 2719 357 2799 multiplex).
380 2753 419 2763 —
444 2725 565 2781 «Homo
593 2720 759 2797 baptizatus
787 2716 849 2797 (qui
876 2720 1042 2797 baptizatus

50 2806 150 2887 fuerit)
172 2813 269 2871 salvus
290 2812 361 2871 erit»
385 2810 551 2889 propositio
568 2811 726 2886 complexa
740 2820 793 2882 est,
816 2810 950 2881 seduna,
972 2810 1043 2886 quia

51 2900 189 2961 incidens
214 2901 283 2977 «qui
303 2901 466 2978 baptizatus
488 2900 592 2960 fuerit»
616 2899 778 2959 restrictiva
799 2908 845 2957 est
862 2898 1043 2959 extensionis

51 2990 172 3049 termini
196 2990 371 3050 «hominis».

114 3079 205 3138 Cuius
220 3079 263 3138 rei
273 3080 354 3138 clara
363 3080 468 3139 notitia
476 3078 598 3138 maximi
607 3076 753 3137 momenti
762 3076 825 3149 erit,
841 3095 909 3135 cum
924 3078 962 3137 de
973 3095 1042 3136 con·

53 3168 228 3227 tradictoria
240 3167 409 3227 huiusmodi
422 3168 661 3245 propositionum
677 3164 854 3224 stabilienda
867 3184 966 3224 sermo
978 3165 1040 3223 erit.

119 3326 127 3357 ¹
146 3324 214 3376 Vide
232 3344 306 3391 supra
326 3345 351 3392 p.
372 3340 414 3389 30.
