2350 3700
240 168 279 204 on
298 168 474 205 arnimaro
493 168 675 206 ACTIVITATIS
694 169 858 207 consortum
992 158 1042 221 365
1066 170 1072 183 ·

113 314 175 373 Sed
195 314 281 373 huius
301 315 345 373 rei
366 315 457 374 debet
478 334 543 375 esse
564 317 640 375 ratio
660 335 756 392 eaque
771 317 927 376 sufficiens.
958 317 1044 391 Quae

49 404 127 462 ratio
157 423 220 462 non
247 414 346 479 potest
372 404 507 482 proxime
535 406 643 482 reponi
671 406 702 463 in
730 408 813 479 De0,
844 406 943 482 quasi,
973 408 1044 466 dum

49 492 115 567 ipse
138 493 171 550 in
191 494 279 551 rebus
300 504 411 569 ageret,
431 495 511 553 hanc
532 496 579 554 vcl
596 496 677 553 illam
692 495 889 554 directionem
903 495 1044 554 activitati

49 601 123 640 snae
144 583 344 659 imprimeret:
373 584 441 643 talis
461 585 542 643 enim
562 584 728 661 suppositio
755 584 829 643 nihil
857 585 937 643 aliud
967 594 1044 643 esset

49 672 108 730 nisi
138 672 279 731 doctrina
307 673 563 746 occasionalismi,
600 692 690 750 quem
721 675 826 733 falsum
857 692 921 733 esse
956 692 1045 750 supra

50 762 245 820 ostendimus.
288 763 396 838 Neque
424 763 606 822 sufficienter
633 763 782 822 invenitur
809 761 884 822 haec
912 763 987 821 ratio
1011 763 1043 821 in

50 850 177 910 diversis
197 851 327 911 motibus
348 853 387 911 ab
408 862 492 911 extra
512 851 651 929 receptis,
673 862 744 927 puta
762 852 793 911 iu
808 852 936 913 motibus
949 853 1045 912 vibra·

10 941 11 950 ’
50 940 134 999 toriis
156 940 264 1013 medii,
295 941 326 999 in
348 960 408 1016 quo
430 960 559 1017 corpora
580 941 729 1001 exsistunt.
772 943 872 1000 Motus
895 941 975 1001 enirn
1003 942 1044 999 illi

50 1029 144 1089 iidem
165 1048 230 1088 non
251 1030 432 1090 sufficienter
446 1031 597 1106 explicant
610 1030 795 1091 diversorum
809 1049 969 1106 corporum
983 1042 1045 1090 ten·

50 1119 170 1177 dentias
184 1117 324 1193 diversas
347 1120 533 1180 diversorum
547 1139 573 1179 e.
588 1138 616 1196 g.
633 1139 793 1196 corporum
808 1120 939 1181 diversas
953 1120 1045 1196 quali·

49 1219 126 1267 tates
148 1209 314 1268 sensibiles.

112 1300 169 1357 Est
189 1298 316 1373 proinde
337 1298 413 1357 haec
434 1300 510 1357 ratio
531 1299 562 1358 in
583 1298 648 1375 ipsa
669 1318 702 1358 re
723 1300 874 1374 ponenda,
897 1298 998 1373 ibique
1013 1298 1044 1356 in

10 1439 11 1468 ,
50 1387 117 1461 ipsa
137 1387 184 1446 rei
203 1388 333 1447 essentia
350 1389 398 1447 vel
411 1399 525 1459 natura,
547 1399 580 1446 ut
594 1388 760 1447 constantia
774 1388 858 1446 huius
872 1388 1044 1447 tendentiae

10 1526 12 1542 ,
49 1475 233 1535 sufficienter
260 1478 297 1535 sit
323 1477 479 1553 explicata.
523 1477 740 1553 Quaecumque
770 1477 851 1536 enirn
881 1476 940 1535 alia
968 1476 1043 1535 ratio

49 1575 135 1623 extra
163 1576 299 1625 naturam
327 1567 439 1643 posita,
469 1566 581 1642 quippe
610 1585 687 1642 quae
715 1566 752 1625 sit
779 1565 943 1637 variabilis,
975 1583 1044 1624 con·

48 1655 179 1713 stantiae
199 1655 285 1714 huius
305 1655 380 1713 ratio
402 1673 550 1715 essenon
571 1666 678 1731 potest.

112 1744 286 1803 Dicendum
313 1744 441 1820 proinde
469 1755 514 1803 est
541 1744 573 1801 in
601 1745 683 1803 omni
711 1762 743 1803 re
772 1762 920 1820 corporea
947 1742 1043 1819 ipsum

49 1831 234 1911 principium
254 1833 389 1893 ultimum
410 1835 602 1894 intrinsecum
625 1832 782 1894 activitatis
808 1833 965 1911 physicae,
995 1833 1044 1892 vel

48 1934 204 1994 naturam,
226 1924 338 1983 habere
359 1923 449 1983 etiam
469 1923 618 1983 rationem
639 1942 745 1982 causae
766 1925 875 1995 finaliS,
898 1933 1043 1999 quatenus

48 2031 114 2071 non
141 2014 239 2072 solum
264 2012 445 2072 activitatem
466 2013 620 2088 producit,
652 2013 705 2072 sed
727 2014 816 2071 etiam
837 2013 1042 2070 inclinationem

49 2103 102 2160 dat
132 2102 175 2160 ad
202 2102 300 2160 taliter
329 2120 395 2161 sese
425 2102 634 2162 evolvendum.
677 2102 784 2178 Neque
817 2101 939 2173 mirum,
975 2120 1042 2159 curn

11 2256 16 2276 .
49 2201 133 2250 certa
168 2191 323 2250 activitatis
358 2191 484 2250 directio
518 2191 550 2250 in
580 2201 731 2266 conceptu
761 2189 917 2249 activitatis
947 2189 1044 2248 omnis

10 2297 13 2309 ·
47 2279 192 2356 physicae
226 2279 398 2340 necessario
433 2280 601 2338 includatur
615 2281 632 2338 ¹.
676 2281 763 2338 Haec
791 2289 889 2338 autern
919 2297 995 2354 quae
1026 2298 1043 2337 a

48 2380 157 2428 natura
177 2369 374 2446 proficiscitur
393 2369 563 2441 inclinati0,
593 2369 700 2427 dicitur
726 2370 872 2428 inclinatio
899 2369 1044 2427 naturalis

48 2460 96 2518 vel
119 2461 260 2536 appetitus
280 2459 432 2518 naturalis.

115 2630 123 2661 ¹
145 2633 215 2682 «Der
229 2634 320 2682 Grund
339 2635 385 2683 der
402 2633 564 2682 bestimmten
583 2632 796 2699 gesetzmiissigen
815 2633 869 2680 und
887 2633 1042 2682 zweckdien-

49 2713 136 2762 lichen
164 2713 314 2778 Thatiglreit
340 2714 386 2763 der
403 2714 491 2778 Dinge
519 2714 551 2762 ist
577 2714 694 2762 derselbe
720 2714 767 2763 wie
793 2713 839 2761 der
858 2713 948 2762 Grund
976 2713 1044 2764 ihrer

49 2793 201 2858 Thatigkeit
218 2793 369 2859 uberhaupt.
395 2796 471 2842 Denn
491 2795 533 2842 die
546 2793 690 2859 Richtungl
698 2795 742 2842 auf
758 2794 799 2841 ein
819 2793 976 2842 bestimmtes
988 2793 1042 2842 Ziel

49 2875 80 2922 ist
99 2889 159 2922 vom
178 2875 291 2938 Begriffe
310 2875 356 2924 der
373 2875 449 2923 Kraft
466 2875 686 2933 unzcrtrennlich;
710 2882 761 2922 erst
780 2874 860 2923 durch
880 2875 949 2924 diese
968 2874 1043 2924 Rich·

49 2964 116 3018 tung
133 2955 198 3002 wird
217 2971 245 3004 es
264 2956 385 3020 moglich,
404 2955 461 3003 dass
480 2956 520 3003 die
539 2955 617 3004 Kraft
635 2954 690 3004 sich
709 2954 808 3002 {iussero
828 2953 903 3002 kann.
943 2955 1043 3004 Gerade

48 3035 164 3083 dadurch
183 3035 375 3084 unterscheidct
392 3036 446 3084 sich
463 3035 489 3098 ja
507 3036 548 3084 die
567 3034 708 3084 natttrliehe
720 3034 960 3099 Thiitigkeitsweise
973 3035 1043 3084 eines

48 3116 149 3180 Dinges
166 3131 219 3165 von
238 3116 284 3164 der
302 3133 352 3165 von
371 3117 459 3166 sussen
478 3116 525 3164 her
544 3117 792 3180 aufgezwungenen,
821 3115 876 3164 dass
899 3114 942 3164 bei
961 3116 1045 3164 dieser

49 3197 92 3244 die
110 3195 325 3261 Kraftiiusserung
343 3213 393 3246 von
413 3197 471 3246 dem
490 3197 588 3260 Dirige,
612 3197 654 3245 die
673 3195 806 3259 Richtung
825 3196 871 3244 der
889 3196 1043 3244 Kraftiusse-

48 3292 118 3340 rung
136 3276 198 3324 aber
216 3292 267 3325 von
287 3276 374 3327 aussen
392 3276 497 3336 kommt‚
517 3277 640 3326 wiihrend
656 3275 698 3324 bei
710 3275 782 3339 jener
794 3274 891 3323 sowohl
905 3275 947 3323 die
959 3276 1042 3322 Krast-

48 3357 187 3420 iiusserung
206 3358 243 3404 als
262 3357 304 3406 die
322 3359 452 3421 Richtung
470 3373 528 3405 vom
547 3357 632 3420 Dinge
658 3355 736 3404 selbst
763 3355 802 3403 ist.
839 3354 899 3401 Nun
925 3354 957 3404 ist
982 3355 1043 3402 aber
