<?xml version="1.0" encoding="UTF-8"?>
<!DOCTYPE html PUBLIC "-//W3C//DTD XHTML 1.0 Transitional//EN"
    "http://www.w3.org/TR/xhtml1/DTD/xhtml1-transitional.dtd">
<html xmlns="http://www.w3.org/1999/xhtml" xml:lang="en" lang="en">
 <head>
  <title>
</title>
<meta http-equiv="Content-Type" content="text/html;charset=utf-8" />
  <meta name='ocr-system' content='tesseract 3.04.00' />
  <meta name='ocr-capabilities' content='ocr_page ocr_carea ocr_par ocr_line ocrx_word'/>
</head>
<body>
  <div class='ocr_page' id='page_1' title='image "./elementaphiloso00reingoog_0309.png"; bbox 0 0 2350 3700; ppageno 0'>
   <div class='ocr_carea' id='block_1_1' title="bbox 99 169 1050 221">
    <p class='ocr_par' dir='ltr' id='par_1_1' title="bbox 99 169 1050 221">
     <span class='ocr_line' id='line_1_1' title="bbox 99 169 1050 221; baseline 0.003 -17"><span class='ocrx_word' id='word_1_1' title='bbox 99 169 139 205; x_wconf 82' lang='lat' dir='ltr'>DE</span> <span class='ocrx_word' id='word_1_2' title='bbox 162 169 309 206; x_wconf 86' lang='lat' dir='ltr'>DIVISIONE</span> <span class='ocrx_word' id='word_1_3' title='bbox 328 170 472 207; x_wconf 78' lang='lat' dir='ltr'>GENERALl</span> <span class='ocrx_word' id='word_1_4' title='bbox 492 171 688 208; x_wconf 79' lang='lat' dir='ltr'><strong>SUBSTANTIAE</strong></span> <span class='ocrx_word' id='word_1_5' title='bbox 708 171 744 205; x_wconf 83' lang='lat' dir='ltr'>ET</span> <span class='ocrx_word' id='word_1_6' title='bbox 763 170 944 207; x_wconf 72' lang='lat' dir='ltr'>hccmttrtrts.</span> <span class='ocrx_word' id='word_1_7' title='bbox 1000 170 1050 221; x_wconf 81' lang='lat'>27⁷</span> 
     </span>
    </p>
   </div>
   <div class='ocr_carea' id='block_1_2' title="bbox 13 316 1091 2606">
    <p class='ocr_par' dir='ltr' id='par_1_2' title="bbox 60 316 1091 1015">
     <span class='ocr_line' id='line_1_2' title="bbox 123 316 1054 393; baseline 0.002 -20"><span class='ocrx_word' id='word_1_8' title='bbox 123 316 315 393; x_wconf 78' lang='lat' dir='ltr'>Philosophiae</span> <span class='ocrx_word' id='word_1_9' title='bbox 336 317 458 392; x_wconf 91' lang='lat' dir='ltr'>quidem</span> <span class='ocrx_word' id='word_1_10' title='bbox 479 319 584 377; x_wconf 85' lang='lat' dir='ltr'>falsum</span> <span class='ocrx_word' id='word_1_11' title='bbox 610 328 668 389; x_wconf 88' lang='lat' dir='ltr'>est,</span> <span class='ocrx_word' id='word_1_12' title='bbox 699 318 770 392; x_wconf 91' lang='lat' dir='ltr'>quia</span> <span class='ocrx_word' id='word_1_13' title='bbox 796 318 980 377; x_wconf 90' lang='lat' dir='ltr'>conscientia</span> <span class='ocrx_word' id='word_1_14' title='bbox 1007 338 1054 376; x_wconf 87' lang='lat' dir='ltr'>ac-</span> 
     </span>
     <span class='ocr_line' id='line_1_3' title="bbox 60 406 1054 483; baseline 0.003 -20"><span class='ocrx_word' id='word_1_15' title='bbox 60 406 148 464; x_wconf 91' lang='lat' dir='ltr'>tualis</span> <span class='ocrx_word' id='word_1_16' title='bbox 170 416 215 464; x_wconf 89' lang='lat' dir='ltr'>est</span> <span class='ocrx_word' id='word_1_17' title='bbox 235 406 330 476; x_wconf 87' lang='lat' dir='ltr'>actio,</span> <span class='ocrx_word' id='word_1_18' title='bbox 360 408 495 482; x_wconf 83' lang='lat' dir='ltr'>operatio</span> <span class='ocrx_word' id='word_1_19' title='bbox 517 407 682 482; x_wconf 84' lang='lat' dir='ltr'>quaedam,</span> <span class='ocrx_word' id='word_1_20' title='bbox 707 406 755 465; x_wconf 91' lang='lat' dir='ltr'>cui</span> <span class='ocrx_word' id='word_1_21' title='bbox 776 408 920 483; x_wconf 89' lang='lat' dir='ltr'>competit</span> <span class='ocrx_word' id='word_1_22' title='bbox 940 407 1054 480; x_wconf 70' lang='lat' dir='ltr'>inesse,</span> 
     </span>
     <span class='ocr_line' id='line_1_4' title="bbox 61 496 1054 571; baseline 0.001 -19"><span class='ocrx_word' id='word_1_23' title='bbox 61 512 226 570; x_wconf 82' lang='lat' dir='ltr'>personam</span> <span class='ocrx_word' id='word_1_24' title='bbox 246 504 344 554; x_wconf 89' lang='lat' dir='ltr'>autern</span> <span class='ocrx_word' id='word_1_25' title='bbox 365 496 551 571; x_wconf 89' lang='lat' dir='ltr'><strong>concipimus</strong></span> <span class='ocrx_word' id='word_1_26' title='bbox 572 507 604 555; x_wconf 89' lang='lat' dir='ltr'>ut</span> <span class='ocrx_word' id='word_1_27' title='bbox 617 496 782 555; x_wconf 90' lang='lat' dir='ltr'>subiectum</span> <span class='ocrx_word' id='word_1_28' title='bbox 796 496 949 567; x_wconf 84' lang='lat' dir='ltr'>rationale,</span> <span class='ocrx_word' id='word_1_29' title='bbox 972 497 1054 555; x_wconf 93' lang='lat' dir='ltr'>cuius</span> 
     </span>
     <span class='ocr_line' id='line_1_5' title="bbox 61 584 1053 661; baseline 0 -18"><span class='ocrx_word' id='word_1_30' title='bbox 61 595 108 643; x_wconf 93' lang='lat' dir='ltr'>est</span> <span class='ocrx_word' id='word_1_31' title='bbox 120 586 198 643; x_wconf 89' lang='lat' dir='ltr'>haec</span> <span class='ocrx_word' id='word_1_32' title='bbox 217 584 310 643; x_wconf 92' lang='lat' dir='ltr'>actio:</span> <span class='ocrx_word' id='word_1_33' title='bbox 334 586 484 644; x_wconf 82' lang='lat' dir='ltr'><strong>«actiones</strong></span> <span class='ocrx_word' id='word_1_34' title='bbox 498 596 565 645; x_wconf 91' lang='lat' dir='ltr'>sunt</span> <span class='ocrx_word' id='word_1_35' title='bbox 578 586 828 661; x_wconf 77' lang='lat' dir='ltr'>suppositorum».</span> <span class='ocrx_word' id='word_1_36' title='bbox 846 615 880 623; x_wconf 96' lang='lat'><em>-</em></span> <span class='ocrx_word' id='word_1_37' title='bbox 897 588 1053 645; x_wconf 88' lang='lat' dir='ltr'>Praeterea</span> 
     </span>
     <span class='ocr_line' id='line_1_6' title="bbox 60 674 1053 749; baseline 0.002 -18"><span class='ocrx_word' id='word_1_38' title='bbox 60 674 85 731; x_wconf 89' lang='lat' dir='ltr'>si</span> <span class='ocrx_word' id='word_1_39' title='bbox 108 691 238 749; x_wconf 90' lang='lat' dir='ltr'>persona</span> <span class='ocrx_word' id='word_1_40' title='bbox 259 674 444 733; x_wconf 89' lang='lat' dir='ltr'>conscientia</span> <span class='ocrx_word' id='word_1_41' title='bbox 458 674 684 733; x_wconf 85' lang='lat' dir='ltr'>constitueretur</span> <span class='ocrx_word' id='word_1_42' title='bbox 704 674 820 746; x_wconf 89' lang='lat' dir='ltr'>actuali,</span> <span class='ocrx_word' id='word_1_43' title='bbox 841 674 970 735; x_wconf 85' lang='lat' dir='ltr'>infantes</span> <span class='ocrx_word' id='word_1_44' title='bbox 984 685 1053 733; x_wconf 91' lang='lat' dir='ltr'>ante</span> 
     </span>
     <span class='ocr_line' id='line_1_7' title="bbox 61 762 1052 836; baseline 0 -15"><span class='ocrx_word' id='word_1_45' title='bbox 61 780 147 821; x_wconf 90' lang='lat' dir='ltr'>usum</span> <span class='ocrx_word' id='word_1_46' title='bbox 175 762 311 834; x_wconf 89' lang='lat' dir='ltr'>rationis,</span> <span class='ocrx_word' id='word_1_47' title='bbox 333 773 482 836; x_wconf 89' lang='lat' dir='ltr'>amentes,</span> <span class='ocrx_word' id='word_1_48' title='bbox 504 763 652 834; x_wconf 85' lang='lat' dir='ltr'>distracti,</span> <span class='ocrx_word' id='word_1_49' title='bbox 673 762 871 835; x_wconf 87' lang='lat' dir='ltr'>dormientes,</span> <span class='ocrx_word' id='word_1_50' title='bbox 894 783 962 822; x_wconf 92' lang='lat' dir='ltr'>cum</span> <span class='ocrx_word' id='word_1_51' title='bbox 984 783 1052 823; x_wconf 92' lang='lat' dir='ltr'>con-</span> 
     </span>
     <span class='ocr_line' id='line_1_8' title="bbox 61 851 1053 928; baseline 0.001 -19"><span class='ocrx_word' id='word_1_52' title='bbox 61 851 219 910; x_wconf 88' lang='lat' dir='ltr'>scientiam</span> <span class='ocrx_word' id='word_1_53' title='bbox 241 854 385 911; x_wconf 86' lang='lat' dir='ltr'>actualem</span> <span class='ocrx_word' id='word_1_54' title='bbox 406 870 469 910; x_wconf 93' lang='lat' dir='ltr'>non</span> <span class='ocrx_word' id='word_1_55' title='bbox 483 854 621 925; x_wconf 89' lang='lat' dir='ltr'>habeant,</span> <span class='ocrx_word' id='word_1_56' title='bbox 643 872 706 911; x_wconf 92' lang='lat' dir='ltr'>non</span> <span class='ocrx_word' id='word_1_57' title='bbox 725 864 824 912; x_wconf 89' lang='lat' dir='ltr'>essent</span> <span class='ocrx_word' id='word_1_58' title='bbox 843 870 1000 928; x_wconf 89' lang='lat' dir='ltr'>personae,</span> <span class='ocrx_word' id='word_1_59' title='bbox 1022 853 1053 911; x_wconf 93' lang='lat' dir='ltr'>id</span> 
     </span>
     <span class='ocr_line' id='line_1_9' title="bbox 61 940 1091 1015; baseline 0.002 -17"><span class='ocrx_word' id='word_1_60' title='bbox 61 940 146 1015; x_wconf 91' lang='lat' dir='ltr'>quod</span> <span class='ocrx_word' id='word_1_61' title='bbox 168 959 273 1000; x_wconf 92' lang='lat' dir='ltr'>omnes</span> <span class='ocrx_word' id='word_1_62' title='bbox 294 941 454 1000; x_wconf 90' lang='lat' dir='ltr'>absurdum</span> <span class='ocrx_word' id='word_1_63' title='bbox 475 960 539 1001; x_wconf 90' lang='lat' dir='ltr'>esse</span> <span class='ocrx_word' id='word_1_64' title='bbox 560 942 726 1000; x_wconf 86' lang='lat' dir='ltr'>admittunt.</span> <span class='ocrx_word' id='word_1_65' title='bbox 1087 999 1091 1009; x_wconf 80' lang='grc'>,</span> 
     </span>
    </p>

    <p class='ocr_par' dir='ltr' id='par_1_3' title="bbox 57 1030 1052 1803">
     <span class='ocr_line' id='line_1_10' title="bbox 127 1030 1052 1107; baseline 0.002 -20"><span class='ocrx_word' id='word_1_66' title='bbox 127 1030 289 1103; x_wconf 81' lang='lat' dir='ltr'>Theolagicc</span> <span class='ocrx_word' id='word_1_67' title='bbox 314 1048 386 1089; x_wconf 91' lang='lat' dir='ltr'>vero</span> <span class='ocrx_word' id='word_1_68' title='bbox 414 1030 486 1089; x_wconf 91' lang='lat' dir='ltr'>item</span> <span class='ocrx_word' id='word_1_69' title='bbox 513 1032 577 1089; x_wconf 91' lang='lat' dir='ltr'>talis</span> <span class='ocrx_word' id='word_1_70' title='bbox 605 1031 752 1090; x_wconf 88' lang='lat' dir='ltr'>sententia</span> <span class='ocrx_word' id='word_1_71' title='bbox 779 1041 940 1107; x_wconf 88' lang='lat' dir='ltr'>repugnat,</span> <span class='ocrx_word' id='word_1_72' title='bbox 969 1048 1052 1107; x_wconf 87' lang='lat' dir='ltr'>prae·</span> 
     </span>
     <span class='ocr_line' id='line_1_11' title="bbox 59 1119 1051 1196; baseline -0.001 -17"><span class='ocrx_word' id='word_1_73' title='bbox 59 1120 164 1179; x_wconf 84' lang='lat' dir='ltr'>sertim</span> <span class='ocrx_word' id='word_1_74' title='bbox 185 1130 309 1196; x_wconf 91' lang='lat' dir='ltr'>propter</span> <span class='ocrx_word' id='word_1_75' title='bbox 329 1122 500 1194; x_wconf 88' lang='lat' dir='ltr'>mysterium</span> <span class='ocrx_word' id='word_1_76' title='bbox 527 1120 739 1179; x_wconf 88' lang='lat' dir='ltr'>incarnationis</span> <span class='ocrx_word' id='word_1_77' title='bbox 764 1131 795 1179; x_wconf 92' lang='lat' dir='ltr'>et</span> <span class='ocrx_word' id='word_1_78' title='bbox 820 1121 869 1180; x_wconf 90' lang='lat' dir='ltr'>SS.</span> <span class='ocrx_word' id='word_1_79' title='bbox 891 1119 1051 1179; x_wconf 88' lang='lat' dir='ltr'>Trinitatis.</span> 
     </span>
     <span class='ocr_line' id='line_1_12' title="bbox 63 1208 1052 1285; baseline 0 -18"><span class='ocrx_word' id='word_1_80' title='bbox 63 1210 198 1267; x_wconf 81' lang='lat' dir='ltr'>Christus</span> <span class='ocrx_word' id='word_1_81' title='bbox 218 1208 307 1280; x_wconf 88' lang='lat' dir='ltr'>enim,</span> <span class='ocrx_word' id='word_1_82' title='bbox 330 1228 398 1268; x_wconf 91' lang='lat' dir='ltr'>curn</span> <span class='ocrx_word' id='word_1_83' title='bbox 419 1210 492 1269; x_wconf 87' lang='lat' dir='ltr'>duas</span> <span class='ocrx_word' id='word_1_84' title='bbox 512 1210 622 1268; x_wconf 90' lang='lat' dir='ltr'>habeat</span> <span class='ocrx_word' id='word_1_85' title='bbox 642 1219 773 1281; x_wconf 90' lang='lat' dir='ltr'>naturas,</span> <span class='ocrx_word' id='word_1_86' title='bbox 796 1209 910 1267; x_wconf 90' lang='lat' dir='ltr'>duabus</span> <span class='ocrx_word' id='word_1_87' title='bbox 931 1226 1052 1285; x_wconf 87' lang='lat' dir='ltr'>quoque</span> 
     </span>
     <span class='ocr_line' id='line_1_13' title="bbox 59 1298 1052 1375; baseline -0.002 -18"><span class='ocrx_word' id='word_1_88' title='bbox 59 1298 167 1357; x_wconf 88' lang='lat' dir='ltr'>fruitur</span> <span class='ocrx_word' id='word_1_89' title='bbox 188 1298 386 1357; x_wconf 88' lang='lat' dir='ltr'>conscientiis.</span> <span class='ocrx_word' id='word_1_90' title='bbox 418 1299 558 1370; x_wconf 90' lang='lat' dir='ltr'>Proinde,</span> <span class='ocrx_word' id='word_1_91' title='bbox 581 1300 605 1357; x_wconf 92' lang='lat' dir='ltr'>si</span> <span class='ocrx_word' id='word_1_92' title='bbox 626 1318 755 1375; x_wconf 90' lang='lat' dir='ltr'>persona</span> <span class='ocrx_word' id='word_1_93' title='bbox 776 1298 961 1357; x_wconf 87' lang='lat' dir='ltr'>conscientia</span> <span class='ocrx_word' id='word_1_94' title='bbox 982 1318 1052 1357; x_wconf 90' lang='lat' dir='ltr'>con·</span> 
     </span>
     <span class='ocr_line' id='line_1_14' title="bbox 58 1388 1052 1464; baseline -0.002 -17"><span class='ocrx_word' id='word_1_95' title='bbox 58 1388 239 1459; x_wconf 88' lang='lat' dir='ltr'>stitueretur,</span> <span class='ocrx_word' id='word_1_96' title='bbox 261 1388 337 1446; x_wconf 93' lang='lat' dir='ltr'>duae</span> <span class='ocrx_word' id='word_1_97' title='bbox 359 1388 390 1445; x_wconf 93' lang='lat' dir='ltr'>in</span> <span class='ocrx_word' id='word_1_98' title='bbox 411 1388 476 1464; x_wconf 92' lang='lat' dir='ltr'>ipso</span> <span class='ocrx_word' id='word_1_99' title='bbox 498 1397 597 1447; x_wconf 89' lang='lat' dir='ltr'>essent</span> <span class='ocrx_word' id='word_1_100' title='bbox 610 1405 767 1464; x_wconf 89' lang='lat' dir='ltr'>personae,</span> <span class='ocrx_word' id='word_1_101' title='bbox 790 1388 872 1462; x_wconf 87' lang='lat' dir='ltr'>quod</span> <span class='ocrx_word' id='word_1_102' title='bbox 893 1388 962 1446; x_wconf 87' lang='lat' dir='ltr'>fidei</span> <span class='ocrx_word' id='word_1_103' title='bbox 982 1406 1052 1446; x_wconf 89' lang='lat' dir='ltr'>con·</span> 
     </span>
     <span class='ocr_line' id='line_1_15' title="bbox 57 1476 1051 1537; baseline -0.001 -1"><span class='ocrx_word' id='word_1_104' title='bbox 57 1477 185 1536; x_wconf 86' lang='lat' dir='ltr'>tran&#39;um</span> <span class='ocrx_word' id='word_1_105' title='bbox 205 1487 257 1535; x_wconf 91' lang='lat' dir='ltr'>est.</span> <span class='ocrx_word' id='word_1_106' title='bbox 293 1479 450 1537; x_wconf 88' lang='lat' dir='ltr'>Praeterea</span> <span class='ocrx_word' id='word_1_107' title='bbox 464 1477 578 1536; x_wconf 91' lang='lat' dir='ltr'>ratione</span> <span class='ocrx_word' id='word_1_108' title='bbox 593 1487 623 1536; x_wconf 90' lang='lat' dir='ltr'>et</span> <span class='ocrx_word' id='word_1_109' title='bbox 642 1478 701 1536; x_wconf 89' lang='lat' dir='ltr'>tide</span> <span class='ocrx_word' id='word_1_110' title='bbox 722 1477 830 1535; x_wconf 90' lang='lat' dir='ltr'>scimus</span> <span class='ocrx_word' id='word_1_111' title='bbox 848 1476 880 1534; x_wconf 91' lang='lat' dir='ltr'>in</span> <span class='ocrx_word' id='word_1_112' title='bbox 900 1478 966 1535; x_wconf 82' lang='lat' dir='ltr'>Dea</span> <span class='ocrx_word' id='word_1_113' title='bbox 987 1496 1051 1535; x_wconf 93' lang='lat' dir='ltr'>esse</span> 
     </span>
     <span class='ocr_line' id='line_1_16' title="bbox 58 1565 1052 1643; baseline -0.002 -18"><span class='ocrx_word' id='word_1_114' title='bbox 58 1585 155 1625; x_wconf 89' lang='lat' dir='ltr'>unam</span> <span class='ocrx_word' id='word_1_115' title='bbox 163 1577 299 1625; x_wconf 91' lang='lat' dir='ltr'>naturam</span> <span class='ocrx_word' id='word_1_116' title='bbox 308 1578 338 1625; x_wconf 91' lang='lat' dir='ltr'>et</span> <span class='ocrx_word' id='word_1_117' title='bbox 347 1567 476 1643; x_wconf 90' lang='lat' dir='ltr'>proinde</span> <span class='ocrx_word' id='word_1_118' title='bbox 486 1584 577 1624; x_wconf 88' lang='lat' dir='ltr'>unam</span> <span class='ocrx_word' id='word_1_119' title='bbox 587 1566 810 1636; x_wconf 90' lang='lat' dir='ltr'>conscientiam,</span> <span class='ocrx_word' id='word_1_120' title='bbox 820 1565 881 1625; x_wconf 90' lang='lat' dir='ltr'>fide</span> <span class='ocrx_word' id='word_1_121' title='bbox 890 1576 991 1624; x_wconf 91' lang='lat' dir='ltr'>tamen</span> <span class='ocrx_word' id='word_1_122' title='bbox 1001 1567 1052 1625; x_wconf 93' lang='lat' dir='ltr'>do-</span> 
     </span>
     <span class='ocr_line' id='line_1_17' title="bbox 59 1655 1052 1731; baseline -0.003 -16"><span class='ocrx_word' id='word_1_123' title='bbox 59 1674 167 1715; x_wconf 91' lang='lat' dir='ltr'>cemur</span> <span class='ocrx_word' id='word_1_124' title='bbox 175 1665 235 1714; x_wconf 91' lang='lat' dir='ltr'>tres</span> <span class='ocrx_word' id='word_1_125' title='bbox 245 1673 309 1714; x_wconf 91' lang='lat' dir='ltr'>esse</span> <span class='ocrx_word' id='word_1_126' title='bbox 319 1656 350 1714; x_wconf 92' lang='lat' dir='ltr'>in</span> <span class='ocrx_word' id='word_1_127' title='bbox 360 1658 428 1714; x_wconf 91' lang='lat' dir='ltr'>Deo</span> <span class='ocrx_word' id='word_1_128' title='bbox 438 1674 591 1731; x_wconf 88' lang='lat' dir='ltr'>personas.</span> <span class='ocrx_word' id='word_1_129' title='bbox 607 1657 689 1731; x_wconf 86' lang='lat' dir='ltr'>Ergo</span> <span class='ocrx_word' id='word_1_130' title='bbox 699 1672 858 1731; x_wconf 90' lang='lat' dir='ltr'>personam</span> <span class='ocrx_word' id='word_1_131' title='bbox 869 1655 1052 1714; x_wconf 89' lang='lat' dir='ltr'>conscientia</span> 
     </span>
     <span class='ocr_line' id='line_1_18' title="bbox 60 1744 1050 1803; baseline -0.001 0"><span class='ocrx_word' id='word_1_132' title='bbox 60 1744 173 1803; x_wconf 89' lang='lat' dir='ltr'>actuali</span> <span class='ocrx_word' id='word_1_133' title='bbox 190 1744 327 1803; x_wconf 92' lang='lat' dir='ltr'>constitui</span> <span class='ocrx_word' id='word_1_134' title='bbox 348 1755 391 1803; x_wconf 90' lang='lat' dir='ltr'>est</span> <span class='ocrx_word' id='word_1_135' title='bbox 410 1755 514 1803; x_wconf 91' lang='lat' dir='ltr'>contra</span> <span class='ocrx_word' id='word_1_136' title='bbox 534 1745 625 1803; x_wconf 87' lang='lat' dir='ltr'>fidem</span> <span class='ocrx_word' id='word_1_137' title='bbox 638 1745 686 1803; x_wconf 89' lang='lat' dir='ltr'>vel</span> <span class='ocrx_word' id='word_1_138' title='bbox 700 1744 867 1803; x_wconf 90' lang='lat' dir='ltr'>doctrinam</span> <span class='ocrx_word' id='word_1_139' title='bbox 881 1746 1050 1803; x_wconf 90' lang='lat' dir='ltr'>revelatam.</span> 
     </span>
    </p>

    <p class='ocr_par' dir='ltr' id='par_1_4' title="bbox 13 1832 1054 2606">
     <span class='ocr_line' id='line_1_19' title="bbox 127 1832 1053 1910; baseline 0 -18"><span class='ocrx_word' id='word_1_140' title='bbox 127 1834 236 1909; x_wconf 88' lang='lat' dir='ltr'>Neque</span> <span class='ocrx_word' id='word_1_141' title='bbox 257 1833 441 1894; x_wconf 88' lang='lat' dir='ltr'>conscientia</span> <span class='ocrx_word' id='word_1_142' title='bbox 457 1834 600 1892; x_wconf 80' lang='lat' dir='ltr'>habituali</span> <span class='ocrx_word' id='word_1_143' title='bbox 618 1832 678 1894; x_wconf 92' lang='lat' dir='ltr'>dici</span> <span class='ocrx_word' id='word_1_144' title='bbox 691 1843 789 1910; x_wconf 91' lang='lat' dir='ltr'>potest</span> <span class='ocrx_word' id='word_1_145' title='bbox 808 1853 968 1910; x_wconf 87' lang='lat' dir='ltr'>personam</span> <span class='ocrx_word' id='word_1_146' title='bbox 983 1854 1053 1892; x_wconf 91' lang='lat' dir='ltr'>con·</span> 
     </span>
     <span class='ocr_line' id='line_1_20' title="bbox 63 1923 1053 2000; baseline -0.003 -16"><span class='ocrx_word' id='word_1_147' title='bbox 63 1923 154 1995; x_wconf 91' lang='lat' dir='ltr'>stitui,</span> <span class='ocrx_word' id='word_1_148' title='bbox 169 1924 260 1999; x_wconf 90' lang='lat' dir='ltr'>idque</span> <span class='ocrx_word' id='word_1_149' title='bbox 274 1933 398 2000; x_wconf 89' lang='lat' dir='ltr'>propter</span> <span class='ocrx_word' id='word_1_150' title='bbox 412 1925 533 1982; x_wconf 90' lang='lat' dir='ltr'>easdem</span> <span class='ocrx_word' id='word_1_151' title='bbox 547 1924 686 1993; x_wconf 90' lang='lat' dir='ltr'>rationes,</span> <span class='ocrx_word' id='word_1_152' title='bbox 705 1923 770 1995; x_wconf 89' lang='lat' dir='ltr'>nisi,</span> <span class='ocrx_word' id='word_1_153' title='bbox 791 1924 951 1983; x_wconf 90' lang='lat' dir='ltr'>verborum</span> <span class='ocrx_word' id='word_1_154' title='bbox 965 1942 1053 1983; x_wconf 90' lang='lat' dir='ltr'>sensu</span> 
     </span>
     <span class='ocr_line' id='line_1_21' title="bbox 63 2013 1053 2085; baseline -0.003 -13"><span class='ocrx_word' id='word_1_155' title='bbox 63 2014 104 2072; x_wconf 93' lang='lat' dir='ltr'>ad</span> <span class='ocrx_word' id='word_1_156' title='bbox 125 2013 279 2072; x_wconf 89' lang='lat' dir='ltr'>arbitrium</span> <span class='ocrx_word' id='word_1_157' title='bbox 300 2022 428 2085; x_wconf 90' lang='lat' dir='ltr'>mutato,</span> <span class='ocrx_word' id='word_1_158' title='bbox 456 2013 580 2072; x_wconf 91' lang='lat' dir='ltr'>vocibus</span> <span class='ocrx_word' id='word_1_159' title='bbox 608 2013 809 2072; x_wconf 69' lang='lat' dir='ltr'>«conscientia</span> <span class='ocrx_word' id='word_1_160' title='bbox 829 2013 987 2072; x_wconf 86' lang='lat' dir='ltr'>habituali»</span> <span class='ocrx_word' id='word_1_161' title='bbox 1011 2013 1053 2070; x_wconf 90' lang='lat' dir='ltr'>in-</span> 
     </span>
     <span class='ocr_line' id='line_1_22' title="bbox 62 2102 1054 2179; baseline -0.002 -18"><span class='ocrx_word' id='word_1_162' title='bbox 62 2103 205 2177; x_wconf 84' lang='lat' dir='ltr'>tellegere</span> <span class='ocrx_word' id='word_1_163' title='bbox 233 2103 305 2161; x_wconf 91' lang='lat' dir='ltr'>velis</span> <span class='ocrx_word' id='word_1_164' title='bbox 333 2103 429 2178; x_wconf 90' lang='lat' dir='ltr'>ipsum</span> <span class='ocrx_word' id='word_1_165' title='bbox 462 2102 647 2179; x_wconf 91' lang='lat' dir='ltr'>suppositum</span> <span class='ocrx_word' id='word_1_166' title='bbox 675 2103 833 2174; x_wconf 86' lang='lat' dir='ltr'>rationale,</span> <span class='ocrx_word' id='word_1_167' title='bbox 869 2121 932 2160; x_wconf 91' lang='lat' dir='ltr'>non</span> <span class='ocrx_word' id='word_1_168' title='bbox 965 2102 1054 2159; x_wconf 87' lang='lat' dir='ltr'>facul·</span> 
     </span>
     <span class='ocr_line' id='line_1_23' title="bbox 13 2191 1052 2266; baseline -0.002 -16"><span class='ocrx_word' id='word_1_169' title='bbox 13 2217 14 2220; x_wconf 41' lang='lat'>¹</span> <span class='ocrx_word' id='word_1_170' title='bbox 62 2201 166 2250; x_wconf 87' lang='lat' dir='ltr'>tatem.</span> <span class='ocrx_word' id='word_1_171' title='bbox 210 2191 269 2250; x_wconf 89' lang='lat' dir='ltr'>Sed</span> <span class='ocrx_word' id='word_1_172' title='bbox 290 2202 360 2250; x_wconf 89' lang='lat' dir='ltr'>tunc</span> <span class='ocrx_word' id='word_1_173' title='bbox 381 2192 419 2250; x_wconf 93' lang='lat' dir='ltr'>de</span> <span class='ocrx_word' id='word_1_174' title='bbox 441 2191 564 2250; x_wconf 91' lang='lat' dir='ltr'>vocibus</span> <span class='ocrx_word' id='word_1_175' title='bbox 585 2200 663 2250; x_wconf 88' lang='lat' dir='ltr'>esset</span> <span class='ocrx_word' id='word_1_176' title='bbox 683 2191 858 2266; x_wconf 86' lang='lat' dir='ltr'>disputatio,</span> <span class='ocrx_word' id='word_1_177' title='bbox 890 2209 966 2265; x_wconf 91' lang='lat' dir='ltr'>quae</span> <span class='ocrx_word' id='word_1_178' title='bbox 987 2192 1052 2248; x_wconf 80' lang='lat' dir='ltr'>uiro</span> 
     </span>
     <span class='ocr_line' id='line_1_24' title="bbox 13 2279 1052 2355; baseline -0.004 -15"><span class='ocrx_word' id='word_1_179' title='bbox 13 2315 14 2318; x_wconf 14' lang='grc' dir='ltr'>η</span> <span class='ocrx_word' id='word_1_180' title='bbox 61 2279 194 2355; x_wconf 89' lang='lat' dir='ltr'>sapienti</span> <span class='ocrx_word' id='word_1_181' title='bbox 214 2279 306 2354; x_wconf 84' lang='lat' dir='ltr'>digna</span> <span class='ocrx_word' id='word_1_182' title='bbox 326 2298 389 2338; x_wconf 92' lang='lat' dir='ltr'>non</span> <span class='ocrx_word' id='word_1_183' title='bbox 410 2289 461 2338; x_wconf 92' lang='lat' dir='ltr'>est.</span> <span class='ocrx_word' id='word_1_184' title='bbox 491 2280 684 2338; x_wconf 87' lang='lat' dir='ltr'>Conscientia</span> <span class='ocrx_word' id='word_1_185' title='bbox 705 2279 784 2338; x_wconf 89' lang='lat' dir='ltr'>enim</span> <span class='ocrx_word' id='word_1_186' title='bbox 801 2279 957 2338; x_wconf 91' lang='lat' dir='ltr'>habitualis</span> <span class='ocrx_word' id='word_1_187' title='bbox 971 2279 1052 2338; x_wconf 91' lang='lat' dir='ltr'>idem</span> 
     </span>
     <span class='ocr_line' id='line_1_25' title="bbox 62 2368 1052 2442; baseline -0.005 -13"><span class='ocrx_word' id='word_1_188' title='bbox 62 2381 109 2429; x_wconf 91' lang='lat' dir='ltr'>est</span> <span class='ocrx_word' id='word_1_189' title='bbox 130 2389 167 2427; x_wconf 89' lang='lat' dir='ltr'>ac</span> <span class='ocrx_word' id='word_1_190' title='bbox 189 2371 272 2437; x_wconf 83' lang='lat' dir='ltr'>ratio,</span> <span class='ocrx_word' id='word_1_191' title='bbox 295 2368 376 2426; x_wconf 91' lang='lat' dir='ltr'>cuius</span> <span class='ocrx_word' id='word_1_192' title='bbox 397 2380 441 2427; x_wconf 92' lang='lat' dir='ltr'>est</span> <span class='ocrx_word' id='word_1_193' title='bbox 461 2371 566 2428; x_wconf 90' lang='lat' dir='ltr'>inesse.</span> <span class='ocrx_word' id='word_1_194' title='bbox 596 2371 683 2427; x_wconf 82' lang='lat' dir='ltr'>Ratio</span> <span class='ocrx_word' id='word_1_195' title='bbox 704 2371 785 2437; x_wconf 80' lang='lat' dir='ltr'>enim,</span> <span class='ocrx_word' id='word_1_196' title='bbox 808 2371 860 2427; x_wconf 83' lang='lat' dir='ltr'>etsi</span> <span class='ocrx_word' id='word_1_197' title='bbox 878 2370 912 2426; x_wconf 86' lang='lat' dir='ltr'>ia&#39;</span> <span class='ocrx_word' id='word_1_198' title='bbox 928 2377 976 2438; x_wconf 84' lang='lat' dir='ltr'>est,</span> <span class='ocrx_word' id='word_1_199' title='bbox 998 2388 1052 2442; x_wconf 85' lang='lat' dir='ltr'>qua</span> 
     </span>
     <span class='ocr_line' id='line_1_26' title="bbox 56 2459 1052 2535; baseline -0.003 -19"><span class='ocrx_word' id='word_1_200' title='bbox 56 2469 186 2535; x_wconf 81' lang='lat' dir='ltr'>persana</span> <span class='ocrx_word' id='word_1_201' title='bbox 206 2469 339 2531; x_wconf 83' lang='lat' dir='ltr'>specifice</span> <span class='ocrx_word' id='word_1_202' title='bbox 359 2460 544 2531; x_wconf 74' lang='lat' dir='ltr'>distzagm&#39;tar</span> <span class='ocrx_word' id='word_1_203' title='bbox 563 2479 582 2516; x_wconf 90' lang='lat' dir='ltr'>a</span> <span class='ocrx_word' id='word_1_204' title='bbox 603 2460 751 2535; x_wconf 78' lang='lat' dir='ltr'>supposita,</span> <span class='ocrx_word' id='word_1_205' title='bbox 773 2466 866 2516; x_wconf 81' lang='lat' dir='ltr'>tamea</span> <span class='ocrx_word' id='word_1_206' title='bbox 884 2461 973 2534; x_wconf 55' lang='lat' dir='ltr'>iatam</span> <span class='ocrx_word' id='word_1_207' title='bbox 994 2459 1052 2514; x_wconf 84' lang='lat' dir='ltr'>sub-</span> 
     </span>
     <span class='ocr_line' id='line_1_27' title="bbox 61 2549 483 2606; baseline 0.002 -1"><span class='ocrx_word' id='word_1_208' title='bbox 61 2549 220 2606; x_wconf 75' lang='lat' dir='ltr'>sistentiam</span> <span class='ocrx_word' id='word_1_209' title='bbox 240 2567 297 2606; x_wconf 81' lang='lat' dir='ltr'>aaa</span> <span class='ocrx_word' id='word_1_210' title='bbox 317 2549 483 2606; x_wconf 82' lang='lat' dir='ltr'>constituit¹.</span> 
     </span>
    </p>
   </div>
   <div class='ocr_carea' id='block_1_3' title="bbox 227 2721 893 2788">
    <p class='ocr_par' dir='ltr' id='par_1_5' title="bbox 227 2721 893 2788">
     <span class='ocr_line' id='line_1_28' title="bbox 227 2721 893 2788; baseline 0.003 -16"><span class='ocrx_word' id='word_1_211' title='bbox 227 2721 244 2788; x_wconf 64' lang='grc' dir='ltr'><strong>ξ</strong></span> <span class='ocrx_word' id='word_1_212' title='bbox 264 2737 287 2774; x_wconf 90' lang='lat'>2.</span> <span class='ocrx_word' id='word_1_213' title='bbox 323 2727 366 2774; x_wconf 85' lang='lat' dir='ltr'>De</span> <span class='ocrx_word' id='word_1_214' title='bbox 386 2725 504 2776; x_wconf 84' lang='lat' dir='ltr'>diversis</span> <span class='ocrx_word' id='word_1_215' title='bbox 521 2726 712 2775; x_wconf 71' lang='lat' dir='ltr'>accidentium</span> <span class='ocrx_word' id='word_1_216' title='bbox 732 2725 893 2788; x_wconf 85' lang='lat' dir='ltr'>speciebus.</span> 
     </span>
    </p>
   </div>
   <div class='ocr_carea' id='block_1_4' title="bbox 64 2848 1055 2997">
    <p class='ocr_par' dir='ltr' id='par_1_6' title="bbox 64 2848 1055 2997">
     <span class='ocr_line' id='line_1_29' title="bbox 126 2848 1055 2926; baseline 0 -20"><span class='ocrx_word' id='word_1_217' title='bbox 126 2849 246 2907; x_wconf 88' lang='lat' dir='ltr'>Novem</span> <span class='ocrx_word' id='word_1_218' title='bbox 266 2849 305 2907; x_wconf 92' lang='lat' dir='ltr'>de</span> <span class='ocrx_word' id='word_1_219' title='bbox 326 2848 432 2924; x_wconf 91' lang='lat' dir='ltr'>quibus</span> <span class='ocrx_word' id='word_1_220' title='bbox 454 2868 541 2926; x_wconf 89' lang='lat' dir='ltr'>supra</span> <span class='ocrx_word' id='word_1_221' title='bbox 562 2849 689 2908; x_wconf 84' lang='lat' dir='ltr'>diximus</span> <span class='ocrx_word' id='word_1_222' title='bbox 710 2848 878 2908; x_wconf 91' lang='lat' dir='ltr'>accidentia</span> <span class='ocrx_word' id='word_1_223' title='bbox 899 2866 960 2906; x_wconf 92' lang='lat' dir='ltr'>non</span> <span class='ocrx_word' id='word_1_224' title='bbox 982 2848 1055 2906; x_wconf 90' lang='lat' dir='ltr'>eius·</span> 
     </span>
     <span class='ocr_line' id='line_1_30' title="bbox 64 2937 497 2997; baseline 0 0"><span class='ocrx_word' id='word_1_225' title='bbox 64 2938 136 2997; x_wconf 89' lang='lat' dir='ltr'>dem</span> <span class='ocrx_word' id='word_1_226' title='bbox 158 2937 259 2995; x_wconf 89' lang='lat' dir='ltr'>omnia</span> <span class='ocrx_word' id='word_1_227' title='bbox 278 2947 346 2996; x_wconf 91' lang='lat' dir='ltr'>sunt</span> <span class='ocrx_word' id='word_1_228' title='bbox 365 2949 497 2997; x_wconf 90' lang='lat' dir='ltr'>naturae.</span> 
     </span>
    </p>
   </div>
   <div class='ocr_carea' id='block_1_5' title="bbox 63 3115 1054 3419">
    <p class='ocr_par' dir='ltr' id='par_1_7' title="bbox 63 3115 1054 3419">
     <span class='ocr_line' id='line_1_31' title="bbox 129 3115 1052 3192; baseline -0.002 -27"><span class='ocrx_word' id='word_1_229' title='bbox 129 3115 138 3145; x_wconf 91' lang='lat'><strong>¹</strong></span> <span class='ocrx_word' id='word_1_230' title='bbox 160 3117 211 3165; x_wconf 80' lang='lat' dir='ltr'>«Le</span> <span class='ocrx_word' id='word_1_231' title='bbox 230 3116 356 3192; x_wconf 49' lang='lat' dir='ltr'>carfftere</span> <span class='ocrx_word' id='word_1_232' title='bbox 375 3117 512 3182; x_wconf 76' lang='lat' dir='ltr'>specifique</span> <span class='ocrx_word' id='word_1_233' title='bbox 531 3118 563 3166; x_wconf 91' lang='lat' dir='ltr'>de</span> <span class='ocrx_word' id='word_1_234' title='bbox 581 3117 606 3165; x_wconf 89' lang='lat' dir='ltr'>la</span> <span class='ocrx_word' id='word_1_235' title='bbox 624 3116 795 3180; x_wconf 80' lang='lat' dir='ltr'>personnelite</span> <span class='ocrx_word' id='word_1_236' title='bbox 815 3117 885 3165; x_wconf 84' lang='lat' dir='ltr'>e&#39;tant</span> <span class='ocrx_word' id='word_1_237' title='bbox 910 3117 933 3164; x_wconf 87' lang='lat' dir='ltr'>la</span> <span class='ocrx_word' id='word_1_238' title='bbox 958 3115 1052 3175; x_wconf 86' lang='lat' dir='ltr'>raison,</span> 
     </span>
     <span class='ocr_line' id='line_1_32' title="bbox 63 3196 1054 3260; baseline -0.003 -14"><span class='ocrx_word' id='word_1_239' title='bbox 63 3207 90 3246; x_wconf 90' lang='lat' dir='ltr'>et</span> <span class='ocrx_word' id='word_1_240' title='bbox 109 3197 134 3244; x_wconf 86' lang='lat' dir='ltr'>la</span> <span class='ocrx_word' id='word_1_241' title='bbox 152 3197 236 3246; x_wconf 86' lang='lat' dir='ltr'>raison</span> <span class='ocrx_word' id='word_1_242' title='bbox 255 3196 324 3245; x_wconf 77' lang='lat' dir='ltr'>etant</span> <span class='ocrx_word' id='word_1_243' title='bbox 342 3197 368 3245; x_wconf 84' lang='lat' dir='ltr'>la</span> <span class='ocrx_word' id='word_1_244' title='bbox 385 3198 468 3245; x_wconf 86' lang='lat' dir='ltr'>racine</span> <span class='ocrx_word' id='word_1_245' title='bbox 488 3198 564 3246; x_wconf 84' lang='lat' dir='ltr'>dela</span> <span class='ocrx_word' id='word_1_246' title='bbox 589 3197 753 3256; x_wconf 88' lang='lat' dir='ltr'>conscience,</span> <span class='ocrx_word' id='word_1_247' title='bbox 781 3213 816 3245; x_wconf 89' lang='lat' dir='ltr'>on</span> <span class='ocrx_word' id='word_1_248' title='bbox 842 3196 979 3260; x_wconf 89' lang='lat' dir='ltr'>comprend</span> <span class='ocrx_word' id='word_1_249' title='bbox 1005 3211 1054 3258; x_wconf 90' lang='lat' dir='ltr'>que</span> 
     </span>
     <span class='ocr_line' id='line_1_33' title="bbox 64 3273 1053 3336; baseline -0.005 -11"><span class='ocrx_word' id='word_1_250' title='bbox 64 3277 118 3325; x_wconf 92' lang='lat' dir='ltr'>l’on</span> <span class='ocrx_word' id='word_1_251' title='bbox 138 3277 173 3325; x_wconf 88' lang='lat' dir='ltr'>ait</span> <span class='ocrx_word' id='word_1_252' title='bbox 191 3276 232 3326; x_wconf 72' lang='lat' dir='ltr'>ete&#39;</span> <span class='ocrx_word' id='word_1_253' title='bbox 251 3277 339 3326; x_wconf 72' lang='lat' dir='ltr'>amane</span> <span class='ocrx_word' id='word_1_254' title='bbox 359 3273 374 3324; x_wconf 77' lang='grc' dir='ltr'>ὲ</span> <span class='ocrx_word' id='word_1_255' title='bbox 393 3277 530 3326; x_wconf 89' lang='lat' dir='ltr'>confondre</span> <span class='ocrx_word' id='word_1_256' title='bbox 549 3277 573 3324; x_wconf 87' lang='lat' dir='ltr'>la</span> <span class='ocrx_word' id='word_1_257' title='bbox 592 3277 756 3336; x_wconf 89' lang='lat' dir='ltr'>conscience,</span> <span class='ocrx_word' id='word_1_258' title='bbox 783 3293 815 3324; x_wconf 84' lang='lat' dir='ltr'>au</span> <span class='ocrx_word' id='word_1_259' title='bbox 839 3277 921 3323; x_wconf 93' lang='lat' dir='ltr'>moins</span> <span class='ocrx_word' id='word_1_260' title='bbox 946 3275 969 3321; x_wconf 90' lang='lat' dir='ltr'>la</span> <span class='ocrx_word' id='word_1_261' title='bbox 996 3290 1053 3323; x_wconf 91' lang='lat' dir='ltr'>con-</span> 
     </span>
     <span class='ocr_line' id='line_1_34' title="bbox 65 3349 1016 3419; baseline -0.008 -13"><span class='ocrx_word' id='word_1_262' title='bbox 65 3359 167 3407; x_wconf 89' lang='lat' dir='ltr'>science</span> <span class='ocrx_word' id='word_1_263' title='bbox 186 3357 332 3418; x_wconf 86' lang='lat' dir='ltr'>habituelle,</span> <span class='ocrx_word' id='word_1_264' title='bbox 353 3371 412 3404; x_wconf 87' lang='lat' dir='ltr'>avec</span> <span class='ocrx_word' id='word_1_265' title='bbox 432 3357 456 3403; x_wconf 88' lang='lat' dir='ltr'>la</span> <span class='ocrx_word' id='word_1_266' title='bbox 474 3357 660 3419; x_wconf 76' lang='lat' dir='ltr'>personnalit6»</span> <span class='ocrx_word' id='word_1_267' title='bbox 683 3353 803 3416; x_wconf 73' lang='lat' dir='ltr'>(Mercier</span> <span class='ocrx_word' id='word_1_268' title='bbox 820 3355 836 3402; x_wconf 94' lang='lat' dir='ltr'>l.</span> <span class='ocrx_word' id='word_1_269' title='bbox 857 3372 877 3402; x_wconf 88' lang='lat' dir='ltr'>c.</span> <span class='ocrx_word' id='word_1_270' title='bbox 898 3371 922 3416; x_wconf 88' lang='lat' dir='ltr'>p.</span> <span class='ocrx_word' id='word_1_271' title='bbox 946 3349 1016 3411; x_wconf 89' lang='lat'>114).</span> 
     </span>
    </p>
   </div>
   <div class='ocr_carea' id='block_1_6' title="bbox 0 0 1180 3700">
    <p class='ocr_par' dir='ltr' id='par_1_8' title="bbox 0 0 1180 3700">
     <span class='ocr_line' id='line_1_35' title="bbox 0 0 1180 3700; baseline 0 0"><span class='ocrx_word' id='word_1_272' title='bbox 0 0 1180 3700; x_wconf 95' lang='lat' dir='ltr'> </span> 
     </span>
    </p>
   </div>
  </div>
 </body>
</html>
