2350 3700
111 184 163 233 344
394 182 433 217 ΒΕ
451 181 639 225 QUANTITATE
659 180 819 217 CORPOREA.

171 328 365 388 devitandas
384 346 457 388 vero
475 328 621 404 n'gnificat
635 328 822 386 durationem
836 328 889 399 rei,
913 345 994 403 quae
1008 337 1107 385 ortum

111 418 233 494 quidem
254 419 359 489 habet,
391 426 421 476 et
441 418 570 493 proinde
591 434 654 475 non
675 418 798 475 omnino
826 426 871 475 est
902 415 1107 486 immutabilis,

111 508 166 567 sed
185 518 296 578 tamen,
319 516 479 583 postquam
500 507 538 565 de
559 524 698 564 nonesse
719 506 758 565 ad
779 524 844 564 esse
867 505 994 575 transiit,
1016 512 1107 562 mata·

111 598 196 655 tionis
215 597 407 654 substantialis
427 605 527 672 expers
553 602 596 653 est
621 604 650 653 et
677 613 739 653 non
768 594 895 652 admittit
925 593 984 652 nisi
1014 604 1108 651 muta-

112 685 209 744 tiones
229 684 438 744 accidentales.
480 683 562 742 Talis
582 694 627 742 est
648 683 764 741 duratio
785 684 963 758 angelorum
986 692 1018 741 et
1047 682 1110 740 ani·

112 792 227 833 marum
248 774 445 833 rationalium.
485 772 686 832 Aevitemitas
706 772 835 848 proinde
865 771 1024 830 definitur:
1057 772 1111 829 du·

113 865 190 921 ratio
210 862 253 922 rei
274 866 305 921 in
325 865 443 921 essentia
463 862 660 931 immutabiles,
687 861 836 919 mutabilis
856 878 930 920 vero
958 862 991 918 in
1020 862 1112 919 affec·

114 952 252 1011 tionibus.

145 1050 149 1057 '
179 1042 299 1117 Tempus
319 1040 449 1116 denique
470 1048 515 1099 est
535 1039 653 1098 duratio
673 1050 771 1097 motus
787 1037 887 1097 stricte
901 1039 1023 1115 sumpti,
1046 1038 1065 1097 i.
1083 1057 1110 1097 e.

115 1130 231 1188 duratio
252 1129 430 1201 mutationis,
452 1128 575 1204 quaein
589 1148 622 1187 re
637 1146 784 1205 corporea
797 1127 916 1197 exsistit,
939 1128 1113 1187 secundum

115 1238 206 1293 quam
233 1236 280 1278 res
308 1219 415 1278 eadem
442 1236 497 1294 per
524 1217 723 1276 successivam
749 1217 992 1293 progressionem
1022 1218 1113 1275 aliter

116 1326 148 1367 se
168 1308 259 1365 habet
279 1326 360 1367 nunc
381 1316 411 1365 et
430 1307 525 1383 prius,
554 1318 584 1365 et
604 1306 733 1382 proinde
754 1307 784 1364 in
805 1325 855 1363 suo
876 1324 946 1374 esse,
970 1306 1045 1365 sicut
1067 1307 1114 1363 in·

116 1397 199 1455 itium
219 1397 330 1468 habuit,
352 1396 393 1455 ita
413 1397 556 1455 continuo
577 1398 667 1455 tinem
688 1397 779 1454 habet
800 1406 829 1454 et
849 1397 1015 1453 innovatur.

179 1505 204 1543 2.
235 1484 266 1543 Si
285 1485 427 1561 perfectio
454 1484 660 1543 consideratur
687 1485 771 1543 huius
799 1484 1045 1543 immutabilitatis
1078 1484 1112 1541 in

117 1575 284 1645 duratione,
306 1575 382 1633 haec
402 1575 563 1650 praecipue
585 1584 710 1649 apparet
730 1572 913 1632 differentia:

177 1665 240 1721 Ens
261 1670 405 1721 aeternum
426 1682 488 1721 non
510 1664 606 1723 solum
627 1670 690 1719 actu
712 1662 765 1722 sed
786 1661 875 1720 etiam
891 1664 1024 1738 potentia
1051 1682 1113 1719 mu·
1168 1678 1169 1681 ’

117 1754 233 1810 tationes
251 1753 444 1811 substantialis
464 1770 570 1827 expers
591 1762 650 1822 est,
678 1752 719 1809 ita
740 1761 771 1810 ut
797 1770 860 1809 non
888 1752 987 1810 solum
1014 1760 1113 1809 totam

118 1862 202 1901 suam
221 1843 376 1913 essentiam,
399 1842 452 1900 sed
473 1841 562 1901 etiam
582 1850 676 1900 totam
697 1860 780 1900 suam
801 1840 1003 1900 exsistentiam
1023 1840 1112 1900 simul

119 1931 278 2007 possideat.

179 2022 241 2078 Res
266 2039 338 2080 vero
367 2023 529 2090 aeviterna,
557 2021 613 2079 etsi
633 2027 697 2078 acta
717 2020 886 2080 mutationis
908 2019 1113 2078 substantialis

120 2128 226 2186 expers
247 2121 300 2180 est,
322 2128 359 2168 eo
380 2128 476 2181 sensu,
499 2111 581 2185 quod
602 2128 708 2170 revera
727 2129 790 2169 non
807 2110 914 2176 ,transit
935 2110 974 2168 de
989 2127 1056 2168 esse
1072 2109 1111 2166 ad

119 2217 182 2256 non
203 2216 277 2269 esse,
292 2206 388 2276 potest
406 2209 507 2257 tamen
527 2217 647 2275 semper
667 2199 698 2256 in
719 2199 844 2256 nihilum
857 2197 992 2268 transire,
1014 2197 1110 2255 immo

120 2306 156 2344 ex
176 2306 204 2345 se
225 2287 320 2346 tendit
340 2289 482 2346 continuo
504 2288 536 2345 in
557 2288 699 2358 nihilum,
728 2289 880 2363 quianon
906 2286 1015 2346 desinit
1044 2304 1111 2344 esse

121 2396 174 2435 ens
189 2377 383 2452 contingens,
397 2378 525 2453 proinde
539 2397 602 2436 non
617 2377 758 2436 retinetur
772 2377 803 2434 in
818 2395 882 2435 esse
897 2376 954 2434 nisi
965 2375 1110 2434 continuo

121 2466 232 2523 influxu
252 2467 322 2537 eius,
345 2486 363 2524 a
384 2485 444 2541 quo
465 2466 585 2542 pendet.
615 2467 689 2524 Tale
710 2484 763 2524 ens
784 2465 921 2542 proinde,
943 2466 998 2522 etsi
1011 2465 1113 2540 quan

121 2562 256 2613 monento
276 2547 364 2612 toturn
384 2575 464 2613 suum
484 2573 541 2612 esse
560 2556 659 2625 habet,
686 2562 780 2612 tamen
807 2556 1042 2613 continuationem
1067 2555 1115 2610 sui

122 2663 177 2702 esse
198 2663 254 2702 non
274 2644 359 2701 habet
378 2652 465 2702 totam
484 2646 575 2702 simul.
615 2645 713 2702 Nemo
735 2641 815 2703 enim
836 2652 888 2714 est,
911 2642 962 2718 qui
984 2641 1110 2710 dubitet,

122 2733 194 2808 quin
222 2733 345 2808 angelus
373 2751 397 2792 e.
421 2754 448 2810 g.
477 2733 642 2792 secundum
669 2733 757 2792 aliam
793 2743 908 2809 partem
945 2731 1111 2790 durationis
1167 2767 1168 2838 p

123 2822 303 2881 coexstiterit
324 2824 428 2881 mundi
448 2823 636 2899 primordiis,
658 2823 821 2881 secundum
842 2821 931 2879 aliam
952 2821 1112 2879 coexsistat

122 2911 204 2970 hisce
226 2913 418 2988 temporibus.
460 2911 675 2971 Adiumentum
697 2913 789 2982 enim,
819 2911 901 2986 quod
923 2910 1042 2986 aceepit
1063 2929 1110 2967 an·

123 3002 220 3075 geluS,
248 3012 279 3059 ut
300 3002 330 3059 in
352 3020 416 3060 esse
437 3010 642 3078 perseveraret
662 3002 693 3059 in
714 2999 885 3077 primordiis
906 3000 1027 3071 mundi,
1052 3018 1109 3057 om·
1167 3022 1168 3030 ¹

123 3087 196 3145 nino
217 3089 365 3146 diversum
387 3099 431 3147 est
451 3091 489 3147 ab
511 3108 564 3160 eo,
586 3090 669 3164 quod
690 3109 770 3149 nunc
791 3087 897 3166 recipit
918 3099 948 3147 et
969 3088 1009 3146 ad
1030 3075 1109 3162 quod

123 3183 194 3229 tunc
214 3191 276 3230 non
297 3186 360 3232 erat
380 3176 437 3234 nisi
457 3179 488 3234 in
508 3178 651 3252 potentia.
681 3179 719 3236 Et
740 3179 798 3237 hac
818 3175 981 3254 praecipue
996 3177 1108 3236 ratione

125 3258 312 3316 aeviternitas
327 3261 513 3336 distinguitur
527 3266 565 3322 ab
580 3267 756 3326 aeternitate
770 3267 837 3340 Dei,
854 3266 905 3343 qui
920 3276 1016 3326 totum
1031 3285 1109 3325 suum

126 3357 190 3396 esse
212 3352 241 3398 et
261 3362 349 3417 posse
370 3350 413 3404 sui
434 3368 499 3408 esse
520 3353 606 3409 simul
627 3354 726 3413 habet.

1165 3053 1168 3116 l
