2350 3700
150 146 200 196 140
521 146 752 183 CRITERIOLOGIA.

145 295 211 370 ipsa
231 312 392 371 corporum
414 293 576 353 substantia
597 294 731 353 sensibus
752 305 783 353 ut
803 312 948 370 praesens
975 292 1143 370 percipitur

146 401 201 459 per
221 382 378 455 accidens,
401 384 432 441 in
453 384 610 443 sensilibus
630 382 744 442 scilicet
764 385 908 460 propriis,
941 402 1015 443 cum
1039 383 1143 458 quibus
1165 443 1167 464 ἶ

147 472 320 543 conectitur,
342 472 417 531 sicut
438 491 527 532 causa
548 491 616 532 curn
637 473 754 532 effectu.
1165 471 1167 494 ²

147 657 202 725 §a
228 659 355 710 Reflexio
375 659 449 709 circa
467 660 594 710 valorem
613 660 800 724 experientiae
818 675 958 710 sensuum
977 660 1144 711 instituitur.

133 788 136 793 ’
208 791 462 869 Quotiescumque
482 811 585 853 sensus
605 802 739 860 versatur
759 792 840 852 circa
860 792 982 852 obiecta
1004 793 1143 869 propria,
1165 785 1167 794 ²

147 880 313 940 intellectus
334 882 491 941 admittere
512 882 604 941 debet
624 882 704 959 ipsos
723 901 779 958 per
799 900 831 941 se
851 900 916 940 non
935 882 1089 941 inducere
1116 882 1145 937 in

147 987 289 1030 errorem.
331 970 429 1043 Hinc,
457 971 508 1030 ubi
535 971 664 1047 primum
692 970 842 1031 evidentia
863 970 1013 1030 obiectiva
1036 989 1143 1029 eorum

147 1059 308 1119 testimonii
329 1060 421 1118 menti
442 1071 583 1137 apparet,
612 1060 759 1120 certitudo
786 1060 943 1131 naturaliS,
973 1078 1069 1135 quam
1099 1077 1145 1117 ex-

148 1148 249 1220 citant,
270 1160 302 1208 ut
322 1148 455 1224 legitima
474 1149 616 1209 habenda
636 1160 689 1209 est.

208 1250 309 1307 Potest
329 1258 430 1307 tamen
451 1266 488 1306 ex
509 1248 664 1325 multiplici
685 1248 783 1325 capite
805 1265 889 1307 error
909 1246 991 1307 oriri.

211 1366 235 1404 1.
266 1345 433 1405 Periculum
453 1346 538 1405 adest
559 1346 692 1418 errandi,
722 1346 970 1421 quotiescumque
991 1363 1058 1404 non
1080 1364 1144 1404 ver·

148 1445 249 1494 santur
279 1434 359 1493 circa
389 1435 539 1494 obiectum
569 1434 733 1511 proprium.
774 1434 951 1508 Magnitudo
978 1453 1006 1493 e.
1032 1453 1061 1510 g.
1094 1435 1144 1492 vel

149 1534 245 1583 motus
273 1524 342 1583 solis
372 1534 417 1582 est
444 1524 595 1582 obiectum
623 1542 769 1582 commune.
812 1524 843 1582 Si
871 1522 938 1599 quis
964 1523 1056 1598 igitur
1085 1524 1145 1581 sola

148 1614 227 1672 visus
247 1612 417 1673 testimonio
437 1614 537 1684 fretus,
559 1614 599 1673 de
617 1612 822 1689 magnitudine
843 1613 891 1671 vel
911 1622 996 1671 motu
1015 1614 1090 1672 solis
1104 1614 1144 1670 iu·

149 1702 250 1761 dicare
272 1701 406 1774 voluerit,
429 1702 548 1761 errandi
569 1702 703 1778 periculo
724 1702 790 1778 ipse
808 1720 872 1761 sese
887 1711 1028 1778 exponet.
1058 1699 1144 1759 Hinc

149 1792 326 1864 factumest,
348 1802 381 1850 ut
393 1800 488 1850 totum
502 1809 596 1867 genus
610 1793 773 1852 humanum
791 1792 831 1852 de
852 1802 933 1850 motu
954 1789 1026 1850 solis
1048 1809 1145 1867 quon-

150 1882 219 1940 dam
241 1881 391 1941 erraverit.

209 1979 294 2038 Idem
316 1999 334 2037 a
355 1979 470 2038 fortiori
488 1979 527 2038 de
548 1979 669 2039 obiecto
683 1998 739 2055 per
752 1979 894 2038 accidens
907 1979 1075 2038 dicendum
1091 1988 1143 2038 est.
1165 1974 1167 1978 ’

150 2069 199 2127 Sic
220 2068 286 2128 felis
307 2088 412 2144 aquam
433 2070 550 2128 haicam
570 2069 683 2139 videns,
714 2068 738 2128 si
759 2070 823 2128 solo
850 2068 913 2127 visu
939 2068 1017 2127 freta
1044 2069 1143 2145 ipsam

149 2159 197 2216 lac
224 2176 288 2217 esse
316 2157 465 2231 aestimat,
493 2157 557 2217 visu
578 2157 733 2234 decipitur.
777 2157 826 2216 Sic
846 2156 936 2216 etiam
956 2157 988 2216 in
1010 2158 1063 2216 SS.
1087 2147 1167 2216 Eu!

150 2246 289 2306 charistia
318 2266 418 2319 menS,
457 2249 514 2306 nisi
530 2247 595 2323 fide
629 2253 786 2316 ninneatur,
823 2246 957 2306 sensibus
991 2246 1145 2323 decipitur

150 2337 230 2394 circa
257 2346 392 2394 naturam
420 2335 616 2408 substantiae,
646 2355 724 2412 quae
752 2335 838 2395 adest
858 2336 912 2394 sub
932 2335 1143 2395 accidentibus

144 2427 232 2502 panis
252 2426 301 2484 vel
321 2427 388 2484 vini.
422 2423 482 2484 Sed
503 2424 636 2502 pericula
656 2425 707 2484 illa
727 2424 829 2484 omnia
848 2423 935 2484 vitari
954 2435 1083 2501 possunt
1105 2426 1144 2483 ab

150 2515 318 2586 intellectu,
341 2514 365 2572 si
385 2514 417 2571 in
440 2514 562 2590 singulis
583 2514 700 2574 casibus
721 2514 875 2573 facultates
895 2513 1034 2586 adhibet,
1063 2529 1144 2590 quae

150 2604 313 2664 secundum
334 2613 471 2662 naturam
491 2604 678 2663 obiectorum
699 2615 766 2663 sunt
786 2603 986 2663 adhibendae.
1091 2633 1094 2636 ·

213 2723 238 2760 2.
268 2704 343 2761 Item
370 2701 535 2778 periculum
563 2702 684 2760 errandi
713 2702 797 2761 adest
823 2702 947 2761 relative
974 2703 1013 2761 ad
1044 2702 1144 2778 ipsum

44 2795 45 2798 ’
151 2791 302 2851 obiectum
322 2791 485 2868 proprium,
508 2791 755 2868 quotiescumque
773 2809 913 2850 sensuum
927 2792 1066 2866 operatio
1078 2809 1144 2850 non

151 2891 306 2940 exercetur
325 2882 376 2939 sub
396 2881 493 2939 debitz's
512 2882 722 2956 condicionibus,
745 2880 764 2938 i.
787 2899 813 2939 e.
834 2881 889 2939 sub
911 2879 1144 2940 condicionibus

151 2991 169 3029 a
198 2980 304 3029 natura
333 2971 397 3047 ipsa
427 2969 583 3047 requisitis.
626 2971 700 3029 Sunt
729 2979 828 3029 autem
859 2971 917 3028 hae
951 2969 1166 3029 conditiones¹

151 3060 295 3118 debitaez,

212 3155 265 3210 Ex
278 3164 366 3229 pan’te
386 3159 473 3231 insius
493 3176 589 3215 sensus
609 3157 782 3233 requiritur,
808 3166 841 3215 ut
860 3157 898 3216 sit
917 3176 1006 3216 sannis
1026 3168 1058 3216 et
1077 3165 1145 3234 apte

152 3241 315 3315 dispositus,
344 3262 448 3302 manus
469 3263 494 3303 e.
516 3263 544 3319 g.
569 3245 657 3304 nimis
685 3245 811 3320 frigidae
839 3245 879 3303 ad
899 3244 1055 3304 obiectum
1080 3248 1145 3322 pal-

153 3326 286 3400 pandum
306 3344 368 3385 non
390 3340 457 3388 sunt
476 3341 573 3407 aptae.
