2350 3700
127 74 175 135 184
500 82 735 119 nnruooonoom.

185 251 212 305 3.
243 231 391 290 Omnibus
412 229 523 288 deinde
544 228 749 288 essentialibus
771 228 850 287 notis
871 229 1053 305 perspectiS,
1085 240 1118 287 ut

119 320 285 395 perfectior,
300 328 403 394 utpote
419 319 536 390 reflexa,
551 319 603 375 fiat
612 317 702 392 ipsius
716 317 758 375 rei
769 316 910 392 cognitio,
926 318 1118 393 separandae

124 419 191 466 sunt
211 408 242 466 in
263 408 327 483 ipsa
348 415 430 465 notae
446 409 595 480 genericae
615 405 712 475 abiis,
734 424 812 481 quae
833 407 1028 479 differentiam
1043 426 1117 464 con·

124 497 245 556 stituunt
265 496 437 572 specificam
458 490 498 571 (p.
523 516 556 552 21
581 489 648 569 sq.).
691 494 783 568 Quod
805 494 835 551 in
857 514 928 553 casu
949 498 989 566 fit,
1011 495 1115 553 ideam

124 585 253 644 hominis
281 583 486 660 comparando
508 603 576 641 cum
603 583 672 641 idea
692 582 863 641 animalium
889 583 1116 654 irrationalium,

125 676 166 733 ita
186 685 217 732 ut
237 674 306 733 idea
326 672 500 732 universalis
521 672 657 730 animalis
678 682 778 731 mente
800 671 897 748 logice
911 672 1091 731 dividatur
1083 693 1115 730 1n

126 762 308 821 irrationalia
328 771 358 821 et
378 760 542 821 rationalia.

186 852 243 911 His
277 852 417 928 peractiS,
453 851 497 909 rei
531 851 761 926 comprehensio
796 849 964 909 declaretur
998 850 1115 909 duabus

126 940 200 999 ideis
234 939 486 1015 generalioribus,
521 938 640 1015 generis
672 938 785 997 scilicet
813 938 942 1015 proximi
972 949 1001 998 et
1031 939 1115 997 diffe-

126 1029 240 1088 rentiae
261 1029 432 1105 specificae:
460 1028 552 1086 homo
580 1037 626 1086 est
653 1027 762 1086 animal
790 1026 943 1086 rationale.
983 1028 1023 1086 In
1046 1030 1115 1086 ilicis

121 1119 244 1193 proinde
269 1119 427 1177 evolvendis
453 1118 553 1176 moisio
580 1118 669 1189 logica
696 1136 715 1173 α
741 1118 902 1193 definitam
928 1136 985 1175 non
1013 1125 1056 1175 est
1076 1136 1113 1175 se·

127 1208 277 1280 iungenda.

188 1298 226 1355 ΙΙ.
255 1295 387 1369 Quando
409 1313 494 1354 mens
515 1295 590 1355 ideis
611 1294 671 1353 iam
692 1305 738 1353 est
757 1294 913 1366 instructa,
943 1305 1014 1353 tunc
1035 1313 1114 1353 com·

128 1385 273 1461 ponendo
293 1386 341 1444 vel
368 1386 492 1459 synthesi
510 1384 652 1460 magister
678 1384 710 1441 in
731 1384 796 1459 ipsa
816 1403 909 1443 novas
931 1384 1013 1443 ideas
1028 1386 1112 1443 effor-

130 1492 213 1533 mare
227 1485 333 1550 potest,
356 1474 431 1533 sicut
444 1493 471 1532 e.
486 1492 514 1549 g.
530 1475 562 1531 in
576 1473 701 1532 scientia
715 1473 850 1532 chemica
863 1473 1018 1545 tradenda,
1035 1494 1113 1533 com-

129 1564 309 1639 positionem
323 1581 419 1637 aquae
433 1562 574 1638 magister
588 1562 735 1638 discipulo
750 1562 908 1621 ostendere
922 1572 1029 1637 potest,
1050 1582 1112 1621 non

129 1654 224 1711 solum
245 1651 359 1729 analysi
377 1651 512 1710 chemica
527 1670 631 1726 aquae,
655 1652 811 1710 sedetiam
826 1652 956 1727 synthesi
971 1652 1115 1723 chemica,
1155 1724 1156 1731 ἵ

129 1741 147 1799 i.
179 1760 205 1799 e.
233 1740 453 1816 hydrogenium
481 1751 510 1798 et
539 1739 734 1815 oxygenium,
764 1740 872 1800 debitis
901 1741 1023 1799 servatis
1049 1760 1118 1816 pro-

131 1829 326 1906 portionibus,
349 1848 451 1889 coram
473 1827 620 1904 discipulo
642 1830 854 1890 combinando.

190 1921 243 1978 ΙΙΙ.
266 1919 421 1994 Quidquid
443 1929 487 1978 est
507 1919 546 1977 de
568 1919 670 1989 modo,
693 1937 755 1994 quo
774 1919 861 1978 ideae
879 1919 977 1994 primo
998 1931 1067 1978 sunt
1088 1920 1121 1978 in

130 2019 232 2067 mente
254 2010 442 2080 efformatae,
472 2006 607 2083 cognitio
629 2007 741 2079 omnis,
770 2015 802 2065 ut
814 2009 961 2084 perfecta,
987 2009 1005 2065 i.
1028 2027 1055 2067 e.
1079 2029 1121 2066 re·

125 2099 211 2172 flexa
232 2099 349 2167 modat,
374 2107 503 2168 synthesi
522 2121 635 2170 semper
654 2107 705 2156 erit
722 2107 900 2170 perficienda,
929 2098 1121 2158 ostendendo

132 2186 253 2258 scilicet,
276 2187 430 2262 quomodo
444 2186 520 2245 aliae
541 2186 629 2245 ideae
643 2204 748 2245 omnes
767 2188 821 2246 sub
836 2186 1008 2245 extensione
1027 2187 1121 2246 cuius·

133 2275 202 2333 dam
230 2275 316 2334 ideae
346 2275 519 2334 universalis
540 2275 757 2335 contineantur.
800 2278 888 2334 Haec
915 2276 1075 2335 methodus
1103 2298 1122 2335 a

132 2364 314 2423 scholasticis
335 2365 463 2424 maxime
478 2365 697 2437 commendata,
720 2383 787 2423 cum
809 2366 848 2423 ab
862 2362 975 2440 analysi
995 2365 1122 2442 incipiat

133 2463 162 2513 et
192 2453 324 2529 synthesi
354 2456 555 2530 compleatur,
585 2454 744 2513 methodus
774 2453 881 2513 dicitur
910 2455 1121 2530 analyticosyn·

133 2544 242 2601 thetica.

287 2680 305 2749 ξ
325 2696 348 2732 2.
381 2685 424 2733 De
444 2684 616 2734 definitionis
636 2692 663 2733 et
682 2685 830 2734 divisionis
849 2685 960 2748 regulis.

194 2811 216 2866 Ι.
231 2807 358 2880 Regulo
371 2806 540 2880 definitiones
552 2808 714 2864 essentialis.
730 2838 769 2846 —
785 2808 861 2865 Cum
876 2805 1009 2864 delinitio
1024 2806 1121 2864 omnis

134 2896 297 2955 essentialis
318 2896 368 2953 fiat
388 2913 443 2968 per
458 2913 558 2969 genus
572 2895 741 2970 proximum
762 2906 792 2954 et
806 2895 1007 2954 differentiam
1028 2895 1120 2971 speci·

135 2988 232 3056 ficam,
255 2983 404 3059 sequitur:

198 3093 222 3128 1.
245 3074 288 3129 Ut
308 3072 393 3146 plura
413 3072 480 3141 sint,
503 3089 580 3145 quae
595 3071 713 3130 definiri
726 3091 789 3131 non
803 3073 925 3149 possint,
948 3091 985 3132 ea
998 3073 1118 3142 scilicet,

136 3175 213 3229 quae
238 3175 332 3228 genus
356 3159 524 3230 proximum
551 3179 615 3217 non
635 3160 761 3231 habent,
791 3162 862 3237 quia
889 3173 956 3220 sunt
983 3181 1120 3238 suprema

136 3259 256 3314 genera,
277 3252 310 3298 ut
329 3244 492 3300 substantia
513 3247 561 3302 vel
582 3265 633 3316 ea,
664 3248 769 3321 quibus
791 3249 961 3309 differentia
981 3252 1120 3326 specifica
