2350 3700
280 150 318 184 DE
336 150 412 187 ORTU
431 148 495 186 slva
514 149 552 185 DE
572 148 733 186 calamonis
752 150 858 186 MUNDI.
1010 151 1061 198 409

75 315 141 367 ens,
163 314 230 354 cum
252 297 415 357 secundum
436 306 528 356 totam
550 315 633 354 snam
654 296 846 356 substantiam
863 314 925 355 non
940 297 976 356 sit
990 317 1008 355 a
1022 316 1062 368 se,

75 385 241 445 secundum
262 394 355 447 totam
375 403 458 445 snam
478 384 639 444 essentiam
661 380 836 460 (secundum
857 386 1011 445 materiam
1035 398 1065 446 et

73 475 242 535 secundum
263 470 401 550 sormam)
421 493 484 532 non
512 474 645 550 implicat
673 474 873 534 exsistentiam
901 478 1062 536 actualem:

73 564 107 626 in
129 582 162 623 se
182 563 249 640 ipso
269 574 332 623 toto
352 563 426 622 nihil
447 564 528 622 alind
549 575 594 622 est
609 563 666 622 nisi
679 583 763 623 mera
776 565 965 640 possibilitas,
987 583 1064 641 quae

73 663 121 712 est
148 652 273 712 nihilum
300 654 332 712 in
359 653 465 713 ordine
492 652 566 711 reali
587 648 616 729 (i.
639 671 665 712 e.
694 652 814 713 realiter
842 649 1063 729 exsistentium).

75 744 141 800 Ens
161 743 289 818 proinde
310 743 391 815 illud,
414 761 481 801 cum
503 743 668 802 secundum
689 753 782 802 totam
802 762 885 802 snam
907 744 1065 802 essentiam

73 850 140 890 non
161 833 198 892 sit
219 833 368 903 exsistere,
389 831 443 891 sed
463 838 574 890 tantum
589 839 673 908 pesse
692 828 833 901 exsistere,
855 833 879 891 si
901 851 1005 891 revera
1019 851 1065 891 ex·

74 921 166 992 sistit,
194 932 288 980 totum
309 940 394 980 snum
414 939 480 980 esse
501 923 616 981 actuale
636 923 753 998 recepit,
786 921 823 980 de
852 921 986 997 potentia
1007 916 1064 996 (vel

74 1009 172 1069 nihilo
199 1010 230 1068 in
257 1009 365 1070 ordine
389 1005 472 1085 reali)
501 1021 532 1069 et
557 1010 701 1070 materiae
723 1005 869 1087 (subiecti)
894 1021 924 1070 et
952 1011 1065 1070 formae

76 1094 145 1174 (sui)
166 1100 333 1173 adactum,
355 1100 374 1158 i.
396 1118 422 1158 e.
444 1099 568 1159 adesse
590 1101 714 1172 actuale,
737 1099 859 1160 transiit.

138 1199 223 1271 Erga
243 1199 364 1256 mummi
384 1206 495 1256 erratus
514 1205 562 1256 est.

140 1296 199 1354 Sed
215 1315 279 1365 ens,
301 1297 379 1372 qued
395 1304 515 1366 creatur,
538 1298 691 1355 necessarie
712 1307 822 1356 analio
844 1299 940 1355 creari
959 1297 1066 1356 scimus

76 1405 115 1444 ex
137 1385 223 1443 dictis
244 1386 326 1445 circa
345 1386 499 1445 veritatem
520 1385 661 1462 principii
682 1385 859 1445 causalitatis
874 1388 890 1444 ¹.

141 1484 225 1558 Ergo
244 1485 364 1542 mundns
384 1491 493 1542 creatas
512 1491 555 1542 est
573 1485 610 1542 ab
630 1485 695 1543 alio,

141 1583 218 1642 Cum
238 1593 337 1642 autem
358 1582 448 1642 series
475 1582 587 1642 entium
616 1584 654 1642 ab
683 1584 741 1642 alio
769 1583 968 1642 exsistentium
999 1571 1066 1641 actu

77 1671 196 1731 infinita
204 1683 352 1748 repugnet
361 1667 400 1749 (p.
410 1667 489 1747 404),
500 1673 717 1731 admittendum
728 1684 772 1732 est
781 1672 925 1732 mundum
935 1682 1066 1731 creatum

77 1779 146 1820 esse
167 1762 204 1820 ab
223 1769 285 1819 ente
304 1781 323 1819 a
343 1781 372 1820 se
391 1764 547 1832 exsistente,
570 1760 653 1836 quod
672 1779 814 1821 vocamus
834 1761 938 1820 Deam.

141 1942 305 1992 conclusio.
341 1932 450 2005 Quibus
477 1934 603 1991 amnibus
632 1934 814 1991 consideretis
844 1934 919 1989 clare
948 1938 1070 2007 apparet

1 2012 6 2023 ²
77 2022 252 2099 hypothesim
279 2027 407 2080 nestram
433 2029 517 2080 tanta
540 2022 667 2095 gaudere
694 2022 849 2090 evidentia,
878 2020 916 2079 nt'
931 2022 967 2079 ab
994 2021 1071 2079 amni

78 2111 192 2169 meane
212 2129 300 2169 sanae
320 2112 419 2170 mentis
439 2130 500 2169 eum
520 2112 684 2169 certitudine
704 2111 818 2169 admitti
830 2113 937 2186 pessit,
966 2118 994 2166 et
1013 2128 1069 2167 nen
1155 2108 1156 2111 ’

79 2202 140 2258 nisi
157 2218 262 2274 magna
282 2219 342 2257 cnm
362 2202 553 2276 imprudentia
572 2202 609 2259 ab
623 2202 798 2259 adversariis
811 2200 955 2257 reiciatur.
989 2198 1069 2257 Unde

79 2291 145 2365 ipsa
163 2291 225 2347 sela
244 2308 314 2348 vera
334 2298 376 2347 est
394 2291 445 2358 ita,
466 2296 500 2346 nt
518 2298 649 2349 tremeat
667 2291 698 2347 in
719 2288 837 2346 thesim:

143 2386 275 2447 Mundus
294 2395 405 2445 creatas
425 2394 467 2445 est
485 2388 521 2445 ab
541 2396 603 2446 ente
622 2389 743 2464 qaedam
771 2407 789 2444 a
815 2405 845 2445 se
871 2388 1017 2443 exsistente
1044 2392 1071 2441 et

74 2478 201 2554 preinde
220 2478 341 2552 instrata,
363 2477 441 2552 qued
457 2496 586 2556 necemus
607 2478 704 2535 Denm
716 2477 734 2533 ².
785 2514 786 2519 κ

147 2687 156 2719 ¹
175 2689 215 2739 Cf.
235 2690 374 2755 Ontologia
392 2706 417 2755 p.
439 2691 490 2751 306
509 2706 546 2753 sq.

2 2803 3 2818 r
70 2764 74 2768 ’
145 2766 258 2819 'Deum
277 2770 397 2819 exsistere
415 2785 467 2819 non
486 2770 567 2818 solum
585 2779 613 2819 nt
627 2778 764 2818 creatorem
777 2762 802 2817 et
815 2768 984 2817 ordinatorem
997 2768 1070 2815 huius

83 2850 172 2900 mundi
191 2851 411 2920 sapientissimum,
431 2850 477 2899 sed
496 2851 576 2899 etiarn
589 2858 618 2898 ut
636 2866 682 2897 ens
701 2850 718 2897 a'
734 2866 761 2898 se
780 2848 910 2898 immobile
924 2848 1008 2897 omnia
1021 2863 1071 2895 mo-

82 2948 153 2991 vens,
167 2939 196 2979 nt
208 2947 252 2980 ens
265 2930 433 2998 necessarium
446 2939 471 2979 et
481 2930 579 2980 infinite
588 2931 736 2995 perfectum,
750 2938 778 2978 nt
787 2930 978 2978 fundamentum
988 2927 1071 2976 omnis

82 3010 261 3077 possibilitatis
279 3020 305 3061 et
322 3012 443 3071 veritatis,
464 3018 491 3059 ut
509 3010 585 3059 finem
600 3010 714 3059 ultimum
726 3010 845 3071 hominm,
863 3016 890 3058 ut
902 3009 1071 3074 legislatorem

83 3108 235 3159 supremum,
256 3093 419 3141 ostendemus
438 3092 465 3140 in
484 3091 613 3156 theologia
631 3090 746 3140 naturali.
782 3089 886 3140 Interim
906 3098 988 3139 tamen
1007 3089 1071 3138 haec

84 3174 117 3221 de
137 3173 209 3233 Deo,
236 3181 347 3222 creatore
367 3172 461 3232 mundi,
482 3172 594 3237 cognitio
619 3172 679 3220 licet
705 3171 853 3236 imperfecta
877 3170 999 3219 maximae
1026 3168 1072 3217 erit

84 3252 209 3301 utilitatis.
247 3252 353 3301 Multum
372 3252 439 3301 enim
459 3252 555 3300 iuvabit
572 3251 600 3299 in
624 3250 819 3315 anthropologia
844 3251 877 3298 ad
903 3250 986 3298 theses
1011 3264 1072 3296 non-

1 3345 10 3384 >
86 3334 169 3383 nullas
188 3334 230 3383 via
248 3343 273 3383 et
291 3332 392 3382 ratione
411 3331 575 3381 declarandas
595 3339 620 3379 et
638 3329 792 3395 probandas.
