2350 3700
143 123 195 182 248
254 135 293 170 DE
312 135 557 170 nortmannus
576 135 662 170 anns
681 136 1030 172 TRANSCENDENTALIBUS.

141 284 249 340 nuntia
290 281 372 338 Talis
398 281 435 339 sit
459 300 487 340 e.
508 301 537 356 g.
558 281 727 352 distinctio,
753 301 831 357 quae
860 293 906 340 est
931 282 1011 340 inter
1033 301 1142 357 corpus

142 383 173 430 et
192 370 333 429 animam,
374 373 428 428 Est
448 382 498 428 aut
518 371 615 428 maior
634 382 685 428 aut
705 371 811 428 minor.

203 459 364 518 Distinctio
376 459 465 517 realis
478 463 572 516 mar'or
583 471 629 518 est
649 459 785 518 absentia
798 459 961 518 identitatis
982 460 1067 518 inter
1090 479 1142 528 res,

143 567 220 624 quae
240 549 289 606 vel
310 559 378 605 actu
397 559 465 605 sunt
485 548 614 618 divisae,
636 550 696 619 vel,
719 548 743 606 si
764 559 831 606 sunt
852 549 1056 623 compositae,
1081 551 1145 606 enti·

143 646 229 695 tatem
254 648 356 694 tamen
376 637 510 711 singulae
530 638 644 695 habent
670 636 832 712 propriam.
874 640 964 696 Haec
986 638 1145 696 distinctio

143 737 188 785 est
208 728 286 783 inter
306 726 499 784 substantiam
521 737 552 784 et
578 726 773 784 substantiam
793 728 841 784 vel
862 727 954 784 etiam
975 726 1062 784 inter
1085 727 1147 784 sub

143 816 281 874 stantiam
302 825 333 872 et
350 815 518 872 accidentia
531 815 690 890 quaedam,
712 834 790 890 quae
811 815 951 874 dictmtur
973 817 1121 874 absoluta
1132 819 1146 872 ¹.

204 903 363 962 Distinctio
377 903 465 962 realis
478 906 589 962 minor:
603 915 647 962 est
661 904 796 962 absentia
805 905 969 963 identitatis
982 906 1069 962 inter
1084 924 1147 962 rem

144 1004 174 1052 et
194 995 257 1051 eius
277 993 502 1067 nmdtficatzimen
520 1011 547 1050 e,
557 1012 585 1068 g.
601 994 679 1051 inter
692 1008 806 1051 motum
819 1003 850 1051 et
863 993 926 1051 eius
940 993 1145 1052 celeritatem.

207 1092 245 1148 ΙΙ.
275 1089 436 1148 Distinctio
456 1093 579 1148 rationis
600 1086 735 1165 (logicalt
766 1099 808 1148 est
832 1092 961 1148 absentia
985 1092 1149 1148 identitatis

144 1182 221 1236 inter
233 1181 335 1255 plures
353 1187 496 1255 conceptus
515 1180 635 1236 ericsdem
655 1182 706 1236 rei.
748 1180 909 1238 Distinctio
937 1181 1076 1254 proinde
1098 1181 1148 1236 illa

145 1268 287 1326 convenit
300 1269 389 1325 rebus
398 1279 522 1343 propter
531 1268 738 1343 operationem
748 1270 915 1326 intellectus
925 1268 1147 1343 conspicientis

145 1369 177 1414 ut
197 1356 350 1427 distincta,
378 1375 456 1431 quae
476 1375 496 1413 a
516 1369 600 1431 parte
628 1357 671 1415 rei
693 1357 831 1416 distincta
853 1375 916 1415 non
937 1367 1016 1415 sunt.
1065 1359 1149 1414 Talis

145 1456 191 1504 est
210 1445 376 1516 distinctio,
404 1463 482 1520 quae
508 1447 629 1520 ponitur
657 1446 687 1503 in
709 1445 844 1516 homine,
873 1446 1000 1520 quando
1022 1444 1059 1503 in
1082 1446 1150 1521 ipso

146 1534 350 1608 distinguimus
371 1533 481 1591 animal
502 1544 532 1592 et
551 1535 704 1592 rationale.
741 1537 828 1592 Haec
843 1553 967 1609 quoque
990 1535 1152 1593 distinctio

146 1623 256 1698 duplex
276 1622 477 1698 distinguitur:

210 1742 234 1778 1.
256 1721 415 1778 Distinctio
429 1721 551 1778 rationis
563 1723 759 1789 ratiocinatae,
781 1723 828 1778 vel
848 1723 996 1790 nt'rlualis,
1019 1724 1075 1780 vel
1093 1741 1154 1779 cum

140 1810 333 1884 fundamento
346 1812 376 1868 in
389 1828 436 1867 re:
451 1828 487 1869 ea
500 1821 553 1880 est,
569 1829 647 1885 quae
662 1810 701 1870 de
715 1812 795 1869 facto
805 1808 915 1869 exsistit
930 1810 961 1868 in
977 1809 1154 1881 intellectu,

147 1899 200 1957 sed
231 1899 456 1957 fundamentum
485 1896 642 1971 (rationem
670 1895 878 1973 distinctionis)
907 1900 938 1956 in
963 1901 1063 1959 rebus
1088 1920 1157 1977 sup·

147 1990 240 2062 ponit.
276 1987 357 2046 Talis
371 1998 415 2046 est
429 1988 588 2059 distineti0,
611 2007 688 2063 quae
703 1992 735 2047 fit
748 1988 780 2045 in
798 1988 919 2047 homine
934 1987 1018 2047 inter
1033 1991 1156 2047 animal

147 2088 177 2135 et
198 2076 350 2149 rationale,
375 2086 413 2143 et,
435 2086 467 2133 ut
486 2076 602 2135 dicetur
622 2077 653 2134 in
668 2077 852 2146 theodicaea,
875 2076 1045 2149 distinctio,
1068 2098 1155 2154 quae

148 2177 192 2224 est
212 2168 242 2224 in
264 2168 332 2224 Deo
352 2166 430 2223 inter
450 2166 588 2223 attributa
609 2166 718 2223 divina.

208 2259 296 2314 Haec
323 2253 472 2313 distinctio
500 2254 622 2313 rationis
643 2255 835 2314 ratiocinatae
862 2266 906 2313 est
932 2264 985 2313 aut
1008 2258 1154 2331 perfecta

147 2355 197 2403 aut
217 2345 399 2420 imperfecta.

209 2434 343 2506 Perfecta
364 2452 400 2491 ea
421 2443 479 2502 est,
509 2451 586 2507 quae
607 2434 639 2489 fit
667 2452 726 2489 cum
748 2432 940 2507 fundamento
954 2434 1107 2508 perfecto
1127 2439 1156 2491 in

148 2542 187 2579 rc.
230 2521 468 2580 Fundamentum
488 2531 587 2579 autem
608 2522 666 2579 hoc
687 2523 853 2596 perfectum
874 2520 904 2578 in
934 2539 971 2579 eo
997 2524 1155 2593 consistit,

149 2612 231 2687 quod
246 2610 428 2669 diversorum
449 2610 566 2668 illorum
581 2622 788 2685 conceptuum,
812 2629 888 2684 quos
907 2610 1000 2669 nobis
1025 2613 1071 2671 de
1097 2633 1157 2671 una

148 2718 181 2758 re
212 2702 416 2770 effonnamus,
447 2698 578 2758 rationes
599 2699 766 2757 obiectivae
789 2710 857 2757 sunt
877 2700 996 2771 gradus
1021 2702 1156 2775 quidem

149 2788 258 2847 diversi
288 2788 363 2846 entis
393 2789 481 2858 taleS,
516 2797 548 2845 ut
578 2789 652 2845 alter
682 2786 866 2846 considerari
895 2788 991 2862 possit
1031 2800 1068 2847 ut
1108 2793 1156 2849 de·

149 2877 350 2946 terminabilis,
372 2876 565 2952 perfectibilis
586 2887 616 2934 et
636 2876 667 2933 in
689 2876 831 2951 potentia,
853 2876 927 2933 alter
947 2894 1029 2935 vero
1046 2890 1084 2936 ut
1109 2881 1156 2939 de-

148 2966 325 3034 terminans,
348 2976 379 3023 ut
398 2965 568 3039 perficiem,
591 2975 623 3021 ut
644 2974 725 3021 actus
745 2964 897 3039 potentiae
918 2963 1037 3039 prioris
1047 2968 1070 3025 ².
1114 2972 1154 3025 Ita

212 3153 219 3182 ¹
239 3155 308 3213 Quid
326 3156 357 3201 sit
375 3156 492 3203 accidens
511 3157 661 3215 absolutum,
682 3158 747 3205 libro
767 3158 839 3205 tertio
859 3158 1048 3209 declarabitur.

169 3305 174 3314 ι
210 3227 340 3277 ’Gradus
358 3231 414 3280 illos
432 3249 464 3280 ex
481 3233 565 3298 logica
583 3234 676 3288 scimus
702 3237 786 3289 vocari
811 3238 992 3309 metaphysi605‚
1039 3240 1085 3294 Cf.
1108 3243 1153 3294 Lo

148 3319 206 3366 grca
224 3321 249 3367 p.
271 3316 326 3367 145.
350 3310 406 3367 146.
