2350 3700
367 168 405 203 DE
424 168 487 206 IPSA
505 167 692 205 PROBATIONE.
973 168 1019 217 191

52 314 232 373 ratiocinatur
257 316 324 390 qui,
354 316 394 373 ad
423 316 612 390 probandum
642 314 786 373 mundum
816 334 835 372 a
862 315 930 373 Deo
959 332 1024 373 esse

52 413 188 476 creatum,
215 405 313 480 primo
333 404 474 479 'supponit
501 405 645 463 mundum
674 424 692 461 a
713 405 781 463 Deo
806 422 871 463 esse
892 414 1023 463 creatum
1104 470 1107 481 ¹

50 503 75 549 et
93 492 201 552 deinde
228 494 358 552 ostendit
384 494 442 552 hac
468 493 500 551 in
525 492 731 569 suppositione
759 511 864 552 omnes
892 495 1024 563 effectus,

49 598 116 655 quos
129 581 161 639 in
175 582 284 641 eximio
298 582 383 640 huius
397 582 501 641 mundi
515 582 621 641 ordine
635 582 896 658 deprehendimus,
913 582 1024 657 optime

48 670 190 745 explicari.

99 758 157 831 Qui
171 759 360 835 hypothesim
376 758 517 830 enuntiat,
539 759 599 818 hoc
620 759 712 818 modo
726 778 752 819 e.
768 778 796 835 g.
817 759 1022 818 ratiocinatur:

50 847 75 903 Si
93 849 169 907 haec
189 866 280 907 causa
300 848 465 921 exsisteret,
493 849 524 905 hi
551 860 674 907 eventus
697 848 784 907 nobis
806 848 1024 907 exhiberentur.

47 937 130 1011 Atqui
159 937 191 994 hi
220 948 343 997 euentus
369 938 458 995 nobis
485 938 670 996 exhibentur.
721 940 803 1013 Ergo
832 938 909 996 haec
938 955 1026 995 causa

49 1027 160 1085 exsistit.

95 1117 141 1172 Ex
168 1115 205 1173 iis
234 1133 322 1187 ver0,
360 1134 437 1191 quae
466 1115 546 1174 circa
575 1117 693 1191 regulas
722 1115 885 1191 syllogismi
916 1116 1025 1173 conexi

45 1203 255 1262 declaravimus
283 1199 322 1280 (p.
350 1200 415 1279 82),
448 1215 635 1281 compertum
664 1206 808 1264 habemus
838 1206 928 1263 talem
956 1222 1027 1262 con-

45 1293 205 1353 clusionem
225 1313 282 1351 aaa
295 1296 448 1351 mccssama
462 1305 492 1352 et
505 1294 634 1369 proinde
655 1314 711 1352 aaa
725 1301 798 1352 certo
818 1293 911 1369 sequi.
947 1292 1027 1365 Quia

45 1392 137 1442 tamen
158 1384 237 1441 haec
257 1383 429 1458 hypothesis
450 1384 600 1459 quaedam
614 1384 693 1442 facta
707 1383 867 1442 commode
889 1382 1025 1458 explicat,

44 1490 122 1529 mens
135 1473 177 1531 ad
187 1471 409 1530 assentiendum
423 1472 611 1531 conclusioni
620 1474 755 1530 inclinari
767 1482 865 1548 potest
879 1482 909 1530 et
922 1489 1026 1530 revera

44 1579 266 1637 nonnumquam
287 1561 417 1636 legitime
438 1561 495 1637 ipsi
515 1562 644 1633 assentit,
667 1562 721 1619 etsi
743 1580 811 1619 curn
832 1560 962 1637 quadam
983 1580 1026 1619 er-

45 1650 124 1707 randi
144 1650 307 1709 formidine
328 1650 486 1723 adhaeret,
514 1661 639 1727 propter
659 1651 731 1709 alias
758 1651 939 1728 hypotheses
959 1669 1026 1727 pos-

46 1738 144 1799 sibiles.
190 1742 420 1812 Verumtamen,
449 1740 473 1797 si
494 1758 599 1798 omnes
620 1758 697 1815 quae
720 1740 882 1815 excogitari
903 1749 1027 1816 possunt

47 1827 221 1904 hypotheses
242 1828 427 1904 colligantur,
449 1840 479 1888 et
493 1829 712 1888 demonstretur
733 1847 838 1888 omnes
860 1829 1026 1888 reiciendas

49 1933 104 1976 esse
123 1929 246 1994 praeter
266 1937 365 1988 unam,
387 1920 499 1995 quippe
514 1937 592 1994 quae
614 1920 678 1977 sola
698 1920 782 1977 factis
804 1920 942 1978 omnibus
964 1937 1026 1978 cor·

48 2008 237 2082 respondeat,
265 2018 336 2066 tunc
356 2009 432 2067 haec
453 2007 670 2083 argumentatio
697 2009 749 2066 dat
769 2009 976 2067 certitudinem
997 2019 1027 2066 et

47 2099 175 2156 conclusio
195 2098 352 2154 transilla
371 2098 477 2155 thesim.
520 2100 556 2155 In
577 2098 636 2156 hoc
664 2115 735 2155 casu
756 2098 836 2156 enim
857 2097 953 2156 maior
973 2100 1027 2174 syl·

45 2183 155 2259 logismi
177 2185 249 2244 erit:
271 2185 367 2244 Solum
381 2187 405 2244 si
419 2187 495 2246 haec
509 2206 599 2245 causa
619 2186 737 2258 exsistit,
760 2187 790 2244 hi
805 2198 926 2246 eventus
941 2187 1027 2246 nobis

45 2274 224 2335 exhibentur.
247 2305 287 2314 -
308 2277 485 2350 Exemplum
507 2275 592 2334 huius
614 2275 657 2334 rei
671 2275 846 2334 habebimus
867 2276 897 2333 in
913 2295 1027 2335 cosmo-

46 2362 119 2438 logia
139 2375 172 2423 et
192 2364 377 2434 theodicaea,
400 2365 459 2437 ubi,
481 2364 598 2424 reiectis
620 2364 757 2424 omnibus
771 2351 1026 2424 materialistarum

45 2453 193 2512 sententiis
210 2453 290 2512 circa
304 2463 401 2512 ortum
414 2454 527 2526 mundi,
544 2455 738 2512 ostendemus
752 2456 841 2512 solam
856 2455 1027 2530 hypothesim

45 2542 229 2601 scholastriam
250 2543 358 2601 rationi
379 2553 408 2601 et
429 2543 631 2618 experientiae
653 2561 717 2602 esse
739 2553 980 2602 consentaneam.

100 2641 237 2704 Regulae.
278 2633 322 2690 Ut
348 2642 430 2690 recte
458 2631 532 2708 poni
552 2631 648 2706 possit
675 2632 847 2708 hypothesis
869 2632 1025 2708 quaedam,

48 2721 215 2794 requiritur:

104 2831 128 2868 1.
152 2811 194 2868 Ut
215 2808 346 2884 aliquam
367 2811 472 2868 saltem
492 2810 596 2868 lcabcat
608 2811 848 2886 probabilitatem,
871 2811 910 2868 ad
931 2809 1027 2868 minus

47 2896 114 2955 nihil
133 2899 270 2957 includat
290 2899 515 2974 repugnantiae,
537 2917 636 2974 neque
658 2899 689 2957 in
711 2900 906 2975 conceptibus
927 2917 1026 2974 neque

49 3004 110 3044 cum
139 2988 229 3046 certis
257 2987 458 3062 experientiae
486 2989 585 3047 factis:
620 2987 753 3064 alioquin
781 2989 861 3047 enim
889 2990 936 3046 vel
963 2988 1027 3046 sine

49 3075 157 3135 ratione
176 3075 333 3136 sufficienti
353 3076 401 3135 vel
422 3089 527 3135 contra
548 3077 696 3136 rationem
715 3077 845 3152 ponitur,
867 3077 950 3151 quod
965 3077 1027 3134 viro

25 3154 27 3167 ’
50 3165 172 3224 veritatis
193 3165 305 3223 amanti
324 3185 388 3223 non
409 3177 453 3224 est
473 3167 606 3242 dignum.

106 3275 131 3314 2.
162 3256 205 3313 Ut
234 3254 312 3312 facta
341 3254 443 3311 omnia
471 3256 520 3313 vel
550 3256 774 3330 phaenomena,
806 3255 845 3312 ad
875 3273 952 3328 quae
983 3272 1029 3310 ex-

51 3341 183 3413 plicanda
203 3342 375 3413 adhibetur,
398 3343 556 3400 commode
578 3341 714 3416 explicet.
751 3340 842 3398 Secus
863 3341 958 3409 enim,
988 3350 1029 3395 ut·
