2350 3700
243 106 285 144 DE
304 109 447 144 METHODO
467 109 611 146 NOTIONES
630 111 827 148 EXPLANANDI.
983 101 1031 161 183

431 257 598 306 Auricurus
619 269 648 308 11.

140 368 189 416 DE
209 369 392 418 METHODO
411 370 593 420 NOTIONES
612 371 844 420 EXPLANANDI
864 373 931 422 OPE

275 449 518 499 DEFINITIONIS
536 451 591 536 ΕΤΙ
600 451 801 501 DIVISIONIS.

219 578 238 646 ξ
263 595 285 632 1.
316 585 360 632 De
380 583 549 632 definitionis
568 592 596 632 ct
615 583 763 633 divisionis
782 599 845 634 usu.

99 695 213 770 Quaeri
228 707 339 771 potest,
361 715 493 772 quonam
514 716 551 755 ex
570 697 617 756 his
631 698 747 757 duobus
767 699 873 758 mediis
893 699 1032 758 notiones

46 785 221 859 explanandi
244 785 277 842 in
298 785 381 861 praxi
402 786 586 862 potissimum
608 786 644 844 sit
663 788 816 847 utendum.
852 789 899 847 De
920 788 977 846 hac
998 807 1030 847 re

45 875 128 931 multa
147 875 212 931 iam
235 874 269 932 in
290 874 422 933 diversas
448 885 548 949 partes
568 886 636 934 sunt
655 877 774 951 agitata.
816 878 939 936 Attenta
958 895 1030 936 vero

45 963 135 1020 nativa
164 963 282 1022 mentis
311 964 459 1023 humanae
494 963 524 1021 vi
558 974 597 1042 et,
622 964 740 1038 indole,
776 966 852 1024 haec
886 965 1031 1041 imprimis

45 1053 196 1110 statuenda
218 1071 288 1111 esse
308 1053 461 1112 videntur:

96 1143 117 1198 1.
133 1141 166 1198 Si
181 1141 285 1217 agitur
299 1142 338 1200 de
352 1141 543 1200 informanda
556 1149 656 1212 uunte,
670 1161 742 1218 quae
756 1145 825 1201 ideis
837 1145 876 1201 sit
887 1143 1029 1213 desumto,

27 1230 78 1306 iric
97 1229 153 1287 erit
174 1231 425 1306 procedendum:

29 1329 30 1363 t
95 1319 123 1374 Α
145 1320 373 1395 contemplandis
392 1320 475 1377 rebus
494 1321 683 1390 sensibilibus,
712 1339 771 1396 ope
793 1339 947 1394 sensuum,
976 1322 1032 1378 erit

28 1399 243 1487 {incipiendum
274 1408 352 1466 iuxta
379 1407 452 1466 illud
479 1408 700 1468 ascholasticis
727 1411 881 1485 praeclare
902 1409 1029 1469 dictum:

48 1496 125 1553 illihil
142 1499 176 1554 in
190 1499 342 1566 intellectu,
363 1499 421 1555 nisi
431 1499 517 1572 pnite
531 1498 674 1571 fueritin
687 1516 776 1557 sensu.
813 1501 858 1558 Ex
872 1498 917 1558 his
931 1509 1030 1558 autem

27 1534 31 1641 i
47 1586 124 1644 rebus
145 1586 354 1646 materialibus
367 1586 481 1662 primae
502 1587 589 1646 ideae
604 1586 797 1646 desumuntur
811 1599 840 1646 et
855 1587 1030 1647 definitione

47 1675 197 1748 essentiali,
220 1675 254 1733 in
269 1685 413 1750 quantum
425 1675 490 1734 fieri
504 1686 611 1752 potest,
633 1677 837 1735 declarentur:
860 1686 927 1735 suut
948 1676 1029 1738 euim

46 1761 123 1821 ideae
151 1765 308 1840 quaedam
337 1764 471 1823 omnium
498 1765 628 1840 primae,
657 1776 690 1824 ut
710 1765 793 1825 notio
815 1765 891 1824 entis
915 1776 946 1825 ct
966 1767 1031 1824 sub·

47 1853 177 1926 stantiae,
202 1873 284 1929 quae
305 1856 385 1914 nulla
405 1853 595 1925 definitione,
618 1855 671 1914 sed
693 1855 895 1915 declaratione
916 1866 1030 1915 tantum

49 1939 182 2017 indigent.
235 1942 285 2001 Fit
311 1953 409 2001 autem
435 1943 511 2001 haec
539 1943 702 2002 declaratio
732 1944 780 2003 vel
807 1943 941 2003 definitio
967 1946 1030 2020 ipsa

48 2033 294 2106 cmprehensianis
313 2034 511 2107 explanatam
531 2032 592 2091 hoc
612 2033 720 2092 modo:

102 2141 126 2179 1.
154 2122 285 2196 Analysi
302 2120 438 2180 diversae
456 2132 557 2193 uotae,
579 2131 739 2197 utcumque
761 2133 931 2199 perceptae,
954 2122 1029 2182 aliae

48 2209 80 2264 ab
107 2210 171 2270 aliis
202 2212 427 2283 distinguantur.
465 2210 496 2269 Si
524 2211 562 2269 de
591 2210 713 2269 homine
743 2230 769 2271 e.
798 2230 825 2287 g.
857 2212 1029 2271 definiendo

50 2297 149 2371 agitur,
180 2317 392 2375 quaecumque
412 2300 445 2357 iu
469 2299 639 2359 hominibus
668 2300 783 2376 percipi
811 2312 934 2375 possunt
961 2319 1030 2359 con·

49 2385 224 2447 siderentur.'
243 2389 293 2447 Sic
307 2388 540 2464 apprehenditur
553 2388 650 2464 ipsum
665 2407 729 2447 esse
744 2408 852 2465 corpus
866 2389 1028 2464 quoddam,

51 2474 151 2549 vivens,
173 2476 317 2549 sentiens,
338 2478 491 2549 rationale,
512 2478 614 2536 album
635 2496 690 2553 pro
709 2477 814 2548 multis,
836 2478 953 2553 nigrum
973 2496 1029 2553 pro

49 2566 208 2638 nonnullis,
237 2566 361 2624 doctum
388 2568 435 2625 vel
462 2566 673 2641 philosophum
694 2567 871 2641 aliquand0,
894 2566 1030 2642 ignarum

52 2671 262 2729 saepenumero
285 2665 341 2713 etc.
442 2646 452 2651 ’

105 2764 128 2801 2.
150 2747 222 2802 Hac
237 2743 352 2819 analysi
372 2761 443 2801 vero
464 2742 603 2815 instituta,
625 2744 811 2801 abstractione
830 2752 1030 2803 removeantur

53 2848 250 2909 quaecumque
271 2851 334 2891 nou
349 2832 485 2891 omnibus
498 2833 547 2890 vel
561 2850 623 2890 non
638 2850 757 2908 semper
777 2832 945 2892 hominibus
960 2853 1029 2892 con-

54 2921 177 2981 veniunt:
207 2922 304 2997 agitur
325 2920 405 2980 enim
425 2921 465 2980 de
486 2920 661 2980 definitione
682 2922 824 2979 essentiali
842 2921 1027 2981 stabilienda.

54 3007 159 3081 Quibus
172 3010 304 3081 remotis,
325 3010 500 3085 colligantur
514 3020 614 3081 notae,
629 3027 705 3084 quae
721 3011 846 3068 ammiras
859 3010 1029 3071 hominibus

28 3153 29 3162 ,
56 3108 149 3174 semper
169 3100 361 3159 conveniunt.
395 3100 465 3157 Hae
486 3098 567 3157 enirn
587 3108 656 3157 sunt
668 3109 758 3157 notae
773 3101 951 3159 essentiales.
988 3102 1030 3159 Ut

56 3198 142 3247 autern
171 3190 323 3265 perfectus
349 3188 386 3247 sit
414 3188 463 3247 ille
490 3189 677 3263 complexus,
709 3190 789 3247 nulla
819 3198 887 3247 nata
901 3197 1029 3265 praeter·

59 3278 184 3337 mittatur.
