2350 3700
116 128 149 190 78
455 154 463 169 ·
513 139 695 175 nruuucsrca.

103 286 145 345 ¹iu
167 298 290 362 utraque
311 282 461 364 (sub-sub).
491 289 566 346 Tres
587 287 656 347 illae
677 290 789 362 figurae
810 288 869 346 hoc
888 286 1045 345 versiculo
1069 302 1120 343 ex·

116 377 299 453 primuntur:
1159 387 1161 392 '

175 465 312 543 Suaprae
333 466 437 541 prima,
459 467 513 525 sed
533 468 627 525 altera
647 468 777 542 bis-prae,
799 465 884 525 tertia
905 466 1010 523 bis-sub
1023 467 1041 523 ¹.

196 557 233 613 ll.
255 557 391 631 Regulae
419 565 518 615 autem
546 555 726 631 singularum
750 557 909 631 figurarum
935 556 998 613 hae
1028 563 1117 611 sunt:

116 646 233 720 primae.
244 646 355 719 figurae
371 640 546 720 (sub-prael:
569 644 615 703 Sit
634 647 728 702 minor
739 644 910 720 affirmans,
932 646 1032 701 mazar
1044 661 1119 701 vera
1159 641 1161 644 ’

173 736 322 807 generalis.

117 824 235 882 alterius
262 825 373 898 figurae
402 817 566 899 (bis·prae):
592 816 666 882 >Una
693 842 799 897 negans
826 831 890 892 esta,
918 824 1017 880 maiar
1044 840 1118 881 acra

174 914 324 986 generalis.

117 1001 221 1060 tertiae
243 1002 375 1077 denique
403 996 551 1078 (bis-subl:
580 1001 627 1059 Sit
650 1004 744 1059 minor
769 1002 943 1077 affirmans,
972 1002 1118 1059 camlusza

171 1092 369 1167 particularis.

179 1181 312 1256 Regulae
327 1180 394 1239 illae
413 1180 559 1256 speciales
573 1180 604 1237 in
618 1180 807 1255 generalibus
821 1180 984 1256 syllogismi
999 1179 1116 1255 regulis

119 1270 287 1328 fundantur.
329 1270 552 1327 Exercitationis
572 1287 644 1327 vero
665 1270 767 1345 gratia,
792 1270 945 1345 quomodo
966 1270 1028 1327 hoc
1047 1270 1114 1338 fiat,

119 1358 280 1433 discipulus
301 1358 364 1434 ipse
386 1358 442 1416 sibi
464 1358 656 1417 demonstret.

180 1447 353 1505 Notandum
383 1458 484 1506 tamen
514 1458 559 1505 est
592 1448 646 1504 has
676 1448 793 1521 regulas
828 1466 932 1505 omnes
961 1446 1115 1523 speciales

120 1538 266 1609 negativas
279 1538 376 1612 patius
396 1555 454 1594 esse
474 1555 564 1611 quam
578 1535 728 1611 positivaS,
751 1535 769 1594 i.
792 1554 818 1595 e.
834 1538 890 1593 nisi
907 1538 986 1611 ipsas
1000 1543 1116 1594 secutus

114 1626 222 1699 fueris,
244 1632 316 1682 recte
336 1645 392 1682 aaa
412 1626 569 1695 concludes,·
590 1625 644 1683 sed
665 1624 689 1683 si
709 1636 874 1696 servantur,
896 1643 960 1684 nou
982 1644 1021 1683 eo
1044 1626 1115 1701 ipso

121 1715 265 1790 sequitur,
294 1725 325 1772 ut
352 1714 536 1789 syllogismus
557 1712 727 1772 necessario
748 1725 845 1772 rectus
866 1713 909 1772 sit.
952 1715 1003 1773 Ad
1026 1715 1116 1773 recti-

121 1804 254 1864 tudinem
276 1803 356 1863 enim
376 1803 548 1879 requiritur,
577 1814 610 1861 ut
630 1814 735 1862 contra
755 1805 867 1862 nullam
887 1822 925 1862 ex
945 1803 1115 1880 syllogismi

120 1894 229 1969 regulis
249 1903 398 1970 peccetur.
435 1894 478 1950 Sit
498 1911 524 1952 e.
539 1912 567 1969 g.
583 1892 633 1950 hic
652 1894 757 1951 tertiae
773 1895 885 1968 figurae
906 1894 1115 1968 syllogismus:

120 1983 235 2058 Aliquis
262 1985 353 2041 homo
381 1992 425 2040 est
451 1981 550 2040 iustus.
593 1982 687 2057 Atqui
707 1982 812 2058 aliquis
833 1984 924 2040 homo
946 1993 994 2041 est
1014 1983 1116 2059 philo-

119 2073 237 2148 sophus.
273 2073 355 2146 Ergo
377 2071 481 2146 aliquis
502 2071 697 2147 philosophus
718 2083 763 2130 est
782 2071 881 2130 iustus
904 2103 942 2110 -
958 2073 1116 2131 Omnibus

119 2161 228 2236 regulis
242 2161 345 2219 tertiae
360 2163 471 2236 figurae
485 2161 535 2218 hic
550 2161 735 2236 syllogismus
750 2171 794 2219 est
809 2160 981 2220 conformis.
1008 2162 1117 2221 Minor

119 2251 198 2308 enim
228 2261 271 2308 est
299 2251 464 2321 affirmans,
494 2261 523 2308 et
551 2249 719 2322 conclusio,
750 2249 951 2326 particularis3
979 2271 1048 2309 uon
1072 2261 1118 2310 est

118 2349 219 2398 tamen
240 2351 347 2411 rectuS,
369 2339 440 2414 quia
461 2349 567 2414 peccat
589 2350 694 2397 contra
715 2342 862 2414 regulam:
887 2340 955 2398 «Nil
975 2341 1118 2416 sequitur

119 2428 267 2503 geminis.
285 2475 290 2486 .
308 2447 332 2486 .»
347 2430 365 2486 ².

652 2519 672 2566 P
688 2543 723 2551 -—
737 2520 764 2566 M

182 2596 274 2646 ¹Sunt
292 2599 335 2663 qui
354 2607 467 2663 quartam
487 2597 606 2663 figuram:
654 2600 681 2646 M
695 2599 764 2647 —S
806 2595 956 2663 (prae-sub),
981 2599 1117 2663 excogita·

658 2696 764 2745 s-P

118 2777 207 2826 verint.
235 2777 286 2826 Sed
305 2779 368 2826 haec
387 2777 468 2841 figura
487 2793 539 2826 non
559 2785 598 2825 est
617 2777 666 2825 uisi
681 2777 777 2841 primae
790 2776 884 2841 figurae
898 2777 1018 2826 inversio,
1045 2777 1115 2826 Cum

119 2866 249 2920 praeterea
268 2858 301 2906 sit
320 2857 400 2923 magis
420 2858 571 2922 complicata
591 2866 616 2906 et
635 2857 661 2904 in
679 2857 752 2921 praxi
771 2858 853 2906 minus
872 2857 954 2917 utilis,
984 2858 1042 2906 siue
1063 2859 1115 2907 iac-

120 2944 175 2984 tura
193 2937 235 2985 hic
253 2938 360 3003 relinqui
378 2946 470 3002 potest.

180 3013 191 3045 ²
210 3016 238 3064 Si
250 3019 353 3079 positive
372 3019 448 3082 idque
466 3019 600 3082 artificiose,
620 3033 672 3066 non
691 3017 838 3077 scientifice,
858 3018 923 3066 scire
935 3017 980 3078 vis,
1004 3018 1111 3083 quinam

119 3093 257 3158 syllogismi
277 3096 327 3143 siut
345 3096 415 3156 recti,
436 3097 538 3159 quinam
557 3097 621 3155 falsi,
641 3098 674 3144 ad
692 3097 832 3160 syllogismi
851 3099 932 3146 modas
944 3097 1051 3162 insuper
1063 3099 1114 3148 erit

119 3175 306 3221 recurrendum.
333 3174 379 3222 Est
397 3183 480 3223 autem
498 3177 584 3224 modus
591 3195 599 3223 :
619 3179 815 3238 praemissarum
834 3185 858 3226 et
873 3179 1035 3226 conclusionis
1053 3187 1113 3242 apia

120 3252 240 3298 ordinatio
258 3254 322 3301 inter
339 3269 362 3301 sc
380 3254 511 3301 secundum
529 3257 690 3318 quantitatem
708 3264 731 3304 ct
747 3259 896 3319 qualitatem.
934 3257 1113 3318 Quantitatem

137 3329 194 3376 'mul
214 3339 239 3377 et
257 3330 401 3393 qualitatem
420 3332 623 3394 propositionum
647 3335 738 3383 scimus
764 3336 870 3399 exprimi
896 3337 987 3385 litteris
1006 3338 1109 3387 ΑΕΙΟ
