2350 3700
146 180 197 229 30²
523 178 562 213 na
581 176 760 215 curnooaus.

207 327 305 386 Causa
319 336 376 403 per
395 326 518 384 occidam
531 326 581 383 illa
596 334 648 397 est,
671 342 747 399 quae
762 325 911 396 effectum,
934 323 1017 382 cuius
1032 324 1133 382 dicitur

146 435 244 488 causa,
266 427 385 491 praeter
398 415 596 473 intentionem
610 423 733 472 naturae
753 414 803 471 νε]
816 420 939 489 praeter
958 416 1132 473 intentionem

146 506 264 562 liberam
291 506 400 579 agentis
420 504 613 562 intellectualis
636 502 783 577 producit.
827 502 919 561 Cibus
941 521 966 561 e.
989 520 1018 577 g.
1042 512 1133 576 potest

146 612 211 653 esse
239 613 328 653 causa
354 613 409 670 per
437 592 578 651 accidens
607 590 819 650 debilitationis
846 592 893 649 vel
922 590 1039 665 morbi3
1070 592 1134 648 item

146 694 270 742 venator
290 693 389 760 potest
409 700 474 741 esse
495 700 584 741 causa
604 700 659 756 per
680 681 821 739 accidens
836 680 995 739 occisionis
1016 680 1135 737 alicuius

145 774 283 832 hominis.
326 772 431 831 Stricte
459 771 587 847 proinde
609 770 778 845 loquend0,
810 770 932 829 effectus
954 788 1065 828 causae
1086 786 1135 845 per

146 861 287 921 accidens
307 880 371 920 non
385 862 478 919 oritur
498 878 535 919 ex
555 862 613 918 hac
627 877 716 918 causa
737 859 900 918 formaliter
916 859 1064 936 inspecta,
1087 858 1136 916 sed

146 970 183 1009 ex
204 952 269 1023 alia,
293 969 370 1025 quae
390 969 459 1008 cum
479 950 544 1025 ipsa
563 948 663 1024 aliquo
678 948 770 1007 modo
791 948 992 1024 coniungitur3
1013 949 1135 1006 effectus

146 1059 202 1116 per
228 1040 369 1099 accidens
402 1040 573 1098 «coincidit».
619 1038 672 1096 «Id
700 1037 839 1096 accidere
866 1047 965 1113 potest
994 1056 1030 1095 ex
1050 1045 1136 1113 parte

146 1148 262 1199 causac,
285 1141 314 1189 et
335 1129 457 1205 quidem
476 1130 525 1187 vel
546 1146 582 1187 ex
603 1127 783 1186 accidentali
804 1145 911 1185 causae
932 1126 1132 1203 dispositione,

147 1230 179 1277 ut
198 1240 224 1277 v.
247 1238 275 1294 g.
298 1218 424 1277 curvitas
454 1228 551 1277 motus
578 1235 615 1276 ex
643 1217 785 1275 curvitate
806 1217 934 1292 pedum,
963 1218 1012 1275 vel
1036 1235 1071 1275 ex
1092 1236 1134 1273 ac·

147 1307 288 1367 cidentaii
316 1326 462 1367 concursu
489 1308 618 1384 plurium
647 1324 817 1378 causarum,
846 1327 872 1364 v.
895 1324 923 1381 g.
953 1305 1134 1381 compressio

146 1397 275 1456 hominis
288 1397 366 1455 inter
380 1397 454 1456 duos
468 1414 570 1455 currus
580 1396 762 1455 collidentes.
785 1396 887 1454 Potest
899 1394 991 1454 etiam
1001 1395 1134 1453 accidere

147 1494 285 1563 exparte
305 1487 435 1559 effredus,
457 1495 489 1544 ut
510 1504 535 1545 e.
559 1504 587 1561 g.
610 1484 721 1544 occisio
742 1484 864 1543 alicuius
885 1484 1055 1543 innocentis
1075 1502 1135 1541 non

147 1576 269 1646 intenta,
291 1575 344 1633 sed
366 1586 431 1634 orta
451 1592 487 1633 ex
502 1593 548 1647 eo,
571 1575 653 1650 quod
675 1592 729 1650 per
743 1574 884 1633 accidens
906 1574 995 1632 sitin
1014 1574 1086 1632 turri
1101 1575 1136 1630 ab

146 1666 231 1723 hoste
252 1664 383 1740 legitime
397 1664 428 1722 in
442 1665 522 1723 bello
541 1666 617 1723 iusto
632 1666 771 1740 explosa3
792 1665 839 1723 vel
860 1663 994 1723 inventio
1009 1662 1138 1721 thesauri

147 1755 178 1811 in
200 1754 330 1812 fossione
350 1763 447 1812 terrae
468 1754 507 1812 ad
528 1772 632 1829 agrum
653 1754 814 1812 colendum
836 1754 940 1812 facta.»
959 1755 967 1785 ¹

209 1864 235 1918 3.
264 1842 393 1903 Ratione
415 1844 640 1920 propinquitatis
660 1844 703 1900 ad
719 1844 847 1917 effectam
868 1854 912 1902 est
932 1844 978 1902 νε]
1001 1842 1139 1919 proxima

148 1934 195 1991 vel
217 1943 339 1992 remota.

208 2022 306 2081 Causa
320 2024 458 2098 proxim
478 2023 525 2080 vel
539 2022 719 2094 immediata,
742 2023 773 2080 in
794 2022 870 2082 serie
884 2040 1042 2081 causarum
1064 2022 1141 2080 ordi·

147 2122 299 2182 natarum,
330 2129 366 2170 ea
387 2123 445 2184 est,
474 2130 550 2186 quae
579 2113 718 2170 effectum
746 2111 917 2171 immediate
944 2111 1065 2186 attingit
1093 2113 1140 2169 νε]

148 2201 301 2277 producit:
337 2200 471 2276 potentia
501 2201 654 2277 operativa
683 2219 708 2259 ε.
740 2219 768 2276 g.
800 2211 843 2260 est
878 2219 966 2260 causa
1000 2201 1141 2276 proxima

148 2291 279 2361 effectus,
301 2299 372 2364 puta
392 2289 610 2349 intellectionis.

209 2379 307 2438 Causa
335 2386 443 2437 rcnwta
470 2397 506 2438 ea
527 2389 572 2438 est
592 2399 695 2452 causa,
725 2398 802 2454 quae
824 2398 943 2438 causam
965 2381 1014 2438 νε]
1037 2399 1141 2438 causas

148 2468 220 2526 alias
241 2467 331 2543 ipsius
360 2469 483 2527 effectus
502 2468 596 2544 ponit.
638 2468 775 2528 Essentia
796 2487 821 2527 e.
843 2487 871 2544 g.
894 2469 940 2527 νε]
968 2480 1078 2527 natura
1100 2479 1142 2526 est

149 2575 238 2617 causa
259 2568 374 2617 remota
395 2559 518 2617 effectus
538 2557 700 2634 potentiae.
745 2557 775 2616 Si
802 2559 902 2634 plures
933 2568 1000 2616 sunt
1032 2575 1143 2616 causae

149 2647 181 2704 in
194 2647 244 2705 illa
258 2646 342 2719 serie,
364 2656 436 2705 tunc
456 2665 546 2705 causa
560 2657 683 2720 remota,
706 2666 783 2722 quae
798 2650 829 2704 in
842 2649 1028 2706 determinato
1043 2649 1144 2704 ordine

150 2737 269 2794 anulla
296 2736 354 2794 alia
375 2737 543 2812 dependet,
573 2736 680 2796 dicitur
700 2737 812 2813 prima,
842 2736 918 2794 aliae
938 2754 1012 2794 vero
1034 2738 1146 2794 median¹

149 2826 196 2883 vel
210 2826 399 2883 intermediae.
431 2828 479 2884 De
493 2825 538 2884 his
553 2825 649 2884 causis
662 2827 743 2902 viget
763 2825 896 2884 axioma:
919 2826 1018 2885 Causa
1033 2843 1142 2885 causae

150 2924 194 2972 est
208 2933 297 2974 causa
311 2914 430 2973 causati.
453 2915 627 2973 Notandum
641 2924 743 2974 tamen
756 2916 815 2974 hoc
830 2916 951 2974 effatum
964 2934 1031 2973 non
1040 2917 1142 2975 valere

149 3002 206 3062 nisi
220 3003 259 3061 de
273 3021 362 3062 causa
376 3003 538 3062 formaliter
552 3014 678 3079 sumpta,
694 3005 713 3062 i.
724 3023 749 3063 e.
766 3004 979 3080 reduplicative
993 3013 1027 3063 ut
1041 3024 1141 3063 causa.

150 3092 241 3147 Certo
263 3091 343 3148 enim
364 3092 416 3164 qui
436 3111 558 3150 armac.
574 3111 602 3167 g.
626 3093 755 3165 conficit,
778 3093 839 3152 dici
858 3112 921 3152 non
937 3104 1039 3170 potest
1054 3113 1141 3153 causa

150 3175 307 3232 occisionis
328 3178 433 3247 omnis,
457 3197 547 3250 quam
567 3198 650 3237 anna
671 3181 721 3238 illa
742 3182 1068 3258 producere'possunt.

213 3341 222 3370 ¹
239 3346 314 3392 Fn'ck
331 3348 348 3393 l.
367 3364 389 3396 c.
409 3368 433 3412 p.
457 3354 513 3412 167.
