2350 3700
137 163 189 223 298
515 177 552 213 os
571 176 751 213 cssuoonus,

196 324 317 382 Actioni
338 325 555 399 correspondet
570 326 683 400 possib,
711 342 788 399 quae
810 334 855 383 est
876 326 940 401 ipse
961 326 1010 384 ille
1031 336 1120 383 motus

25 405 45 465 f
135 413 287 489 potentiae
304 413 484 489 operativae,
506 412 712 473 consideratus
732 430 796 472 non
815 424 847 472 ut
868 432 886 472 a
902 415 1038 489 potentia
1058 433 1123 491 ope·

136 502 229 560 rativa
255 503 441 578 procedens,
472 503 527 561 sed
551 513 583 560 ut
610 502 642 559 in
663 504 796 578 potentia
817 504 971 579 receptiva
991 504 1065 562 alius
1085 505 1124 561 rei

136 602 281 668 receptus.
309 593 346 649 In
367 593 504 667 exemplo
525 592 645 651 artificis
666 602 792 650 statuam
812 592 1010 665 conficientis,
1031 604 1125 651 motus

135 680 298 757 sculpendi,
321 690 466 757 quatenus
487 681 525 738 ab
542 682 654 740 artifice
674 681 822 757 procedit,
843 680 951 739 dicitur
973 683 1053 741 actio
1075 677 1125 755 (ar-

136 770 208 828 tifex
233 764 368 845 sculpit),
396 770 476 828 idem
504 788 577 828 vero
606 780 716 841 motuS,
747 780 891 846 quatenus
918 771 950 828 in
978 788 1126 829 marmore

136 858 285 934 recipitur,
308 859 415 917 dicitur
436 860 535 934 passio
558 854 700 934 (marmor
721 855 881 934 sculpitur).

196 949 294 1019 Actio,
310 948 417 1023 passio,
432 958 528 1007 motus
543 948 671 1023 proinde
686 966 719 1005 rc
727 958 795 1007 sunt
804 948 893 1021 idem,
908 948 1128 1025 distinguuntur

136 1047 237 1096 tamen
258 1037 373 1096 ratione
394 1056 463 1096 cum
484 1038 680 1097 fundamento
701 1038 733 1095 in
753 1056 795 1097 re.
826 1039 865 1097 Et
885 1039 962 1097 haec
983 1049 1029 1097 est
1049 1057 1128 1097 com·

136 1126 233 1184 munis
253 1138 387 1185 veterum
408 1127 572 1198 sententia,
595 1128 769 1186 auctoritate
791 1128 819 1185 S.
841 1128 983 1185 Doctoris
1005 1137 1034 1186 et
1055 1128 1128 1185 mul-

136 1229 234 1274 torum
255 1216 420 1274 recentium
440 1217 555 1274 firmata
567 1217 584 1274 ¹.

198 1304 284 1378 Quae
299 1324 367 1363 cum
381 1306 422 1363 ita
436 1306 502 1374 sint,
518 1316 561 1364 tot
573 1305 700 1364 actionis
709 1305 849 1381 distingui
863 1315 987 1380 possunt
1000 1306 1126 1381 species,

138 1404 211 1469 quot
230 1405 298 1453 sunt
311 1393 472 1453 divisiones
492 1405 589 1453 motus
610 1394 761 1471 potentiae
783 1394 963 1471 operativae,
983 1394 1025 1453 ita
1044 1404 1078 1453 ut
1091 1395 1128 1453 sit

137 1484 214 1541 actio
229 1484 404 1555 immanens,
420 1483 499 1541 actio
513 1483 668 1556 transiens
684 1501 780 1558 eaque
792 1484 976 1555 mechanica,
992 1483 1125 1559 physica,

138 1572 280 1643 chemica,
303 1572 381 1630 etc.¹

196 1671 225 1726 A
253 1688 342 1728 causa
371 1669 511 1729 efficienti
541 1672 663 1747 proprie
692 1671 773 1729 dicta
803 1672 864 1730 duo
894 1671 998 1730 sedulo
1025 1670 1129 1730 distin-

137 1759 256 1833 guenda
270 1770 337 1817 sunt
350 1760 507 1836 principia,
529 1778 608 1836 quae
628 1779 689 1818 non
711 1760 767 1819 nisi
787 1760 950 1836 improprie
970 1761 1129 1835 loquendo
1160 1762 1161 1838 i

138 1846 275 1907 dicuntur
296 1865 417 1908 causae:
441 1850 582 1909 condicio
604 1849 716 1909 scilicet
736 1861 767 1909 et
786 1849 915 1908 occasio

202 1967 226 2005 1.
252 1947 383 2006 Condicio
404 1949 507 2018 estid,
530 1959 608 2020 quod
627 1957 782 2020 requiritur,
803 1955 837 2005 ut
855 1965 940 2006 causa
960 1956 1039 2022 agat,
1062 1951 1133 2024 quin

138 2038 245 2094 actione
271 2055 325 2094 suo
352 2037 480 2110 effectum
508 2055 608 2095 causae
629 2038 778 2113 producat.
822 2037 870 2096 Sic
898 2055 924 2096 e.
949 2056 977 2113 g.
1008 2039 1133 2112 quando

139 2125 252 2198 scribis
275 2145 364 2184 causa
380 2126 532 2185 scribendi
552 2137 583 2184 tu
598 2145 639 2198 eS,
661 2128 710 2184 lux
730 2145 803 2185 vero
825 2137 869 2186 est
889 2127 1041 2186 condicio.
1074 2129 1133 2186 Re·
1158 2151 1159 2174 .

200 2320 208 2352 ¹
231 2323 320 2371 «Aetio
339 2331 365 2371 et
383 2322 468 2386 passio
487 2323 641 2371 conveniunt
659 2322 685 2370 in
704 2323 843 2371 substantia
861 2331 945 2370 motus
964 2331 989 2371 et
1013 2321 1133 2370 differunt

137 2403 218 2452 solum
237 2403 377 2451 secundum
403 2402 516 2452 diversas
541 2402 718 2452 habitudines»
741 2399 781 2465 (S.
801 2402 878 2451 theol.
898 2402 925 2462 I,
952 2419 976 2466 q.
997 2413 1046 2464 45,
1072 2419 1096 2450 a.
1117 2414 1131 2448 2
1157 2433 1158 2460 2

137 2483 169 2530 ad
189 2478 224 2545 2).
244 2509 278 2516 -
301 2481 431 2531 «L'action
450 2491 474 2530 et
493 2483 518 2530 la
535 2482 640 2546 passion
660 2498 691 2530 ne
710 2489 768 2530 sont
786 2497 816 2530 en
835 2479 922 2530 re'alite'
938 2480 1033 2546 qu’une
1050 2480 1133 2532 meme
1157 2461 1158 2486 ¹

136 2563 228 2622 chose,
255 2578 289 2610 un
308 2561 389 2612 meme
408 2571 576 2611 mouvement.
615 2562 760 2622 Toutefois,
791 2561 851 2610 bien
871 2577 920 2626 que
939 2560 1046 2610 l'action
1064 2570 1092 2610 et
1111 2563 1134 2610 la
1156 2609 1157 2628 3

136 2643 239 2707 passion
258 2643 342 2691 soient
360 2657 409 2691 une
428 2641 509 2691 meme
535 2643 616 2702 chose,
645 2642 707 2692 elles
733 2657 765 2691 ne
791 2641 936 2706 repondent
961 2641 1134 2691 evidemment
1156 2635 1157 2703 i

136 2739 183 2787 pas
202 2739 234 2770 au
252 2721 334 2772 meme
353 2729 454 2785 concept.
480 2722 518 2770 La
536 2722 642 2786 passion
662 2721 768 2787 designa
787 2723 811 2771 le
824 2731 986 2771 mouvement
997 2721 1133 2772 considere

136 2805 200 2852 dans
219 2803 243 2851 le
261 2802 363 2863 mobile,
382 2803 407 2850 le
426 2803 596 2867 changement
615 2802 648 2852 tei
668 2803 730 2868 qu’il
749 2817 776 2851 se
795 2818 871 2866 passe
890 2802 953 2850 dans
971 2802 996 2851 le
1009 2802 1077 2865 sujet
1090 2803 1133 2867 qui
1155 2819 1156 2836 ¹

18 2876 19 2879 '
50 2917 54 2923 -
136 2886 160 2931 le
178 2883 260 2932 subit:
287 2899 330 2943 or,
356 2898 403 2947 par
421 2883 476 2931 cela
494 2881 575 2932 meme
594 2898 644 2947 que
668 2882 692 2931 le
717 2883 763 2931 fait
789 2883 823 2930 du
848 2891 1010 2931 mouvement
1037 2898 1073 2931 ou
1100 2883 1133 2930 du
1155 2839 1156 2920 i

136 2963 306 3027 changement
324 2961 414 3011 etablit
432 2978 481 3012 une
500 2963 607 3011 relation
628 2963 662 3011 du
687 2961 782 3011 mobile
808 2978 839 3010 au
865 2969 977 3021 moteur,
1006 2961 1043 3009 du
1069 2962 1133 3025 sujet
1154 2969 1155 3024 j

136 3044 180 3109 qui
198 3050 237 3091 est
255 3041 355 3106 change
373 3038 387 3091 ir
407 3042 431 3091 la
449 3057 525 3092 cause
544 3043 587 3106 qui
606 3042 630 3092 le
649 3043 695 3091 fait
713 3042 842 3107 changer,
869 3042 887 3090 il
912 3050 951 3090 est
975 3042 1074 3106 permis
1100 3043 1131 3090 de
1154 3033 1155 3066 ¹

136 3129 269 3184 rapporter
294 3120 317 3168 le
343 3130 504 3170 mouvement
529 3138 561 3169 au
586 3130 698 3183 moteur,
725 3122 750 3170 le
776 3121 946 3186 changement
971 3117 987 3170 a
1010 3122 1036 3170 la
1056 3137 1130 3170 cause

42 3202 49 3210 “
136 3199 179 3260 qui
198 3199 222 3245 le
241 3198 393 3257 determine3
413 3201 512 3248 tactim
530 3199 594 3249 c'est
612 3201 667 3250 cela
685 3201 774 3260 meme,
795 3199 820 3249 le
832 3209 994 3249 mouvement
1007 3202 1130 3265 envisage

137 3275 199 3319 dans
224 3291 251 3321 sa
275 3275 382 3322 relation
409 3276 440 3323 de
466 3277 630 3340 dependance
657 3277 671 3327 ὲ
697 3279 796 3345 l’egard
818 3280 852 3328 du
872 3287 985 3328 moteur»
1010 3277 1131 3343 (Mercier

142 3351 154 3395 ¹..
174 3363 195 3394 c.
216 3364 240 3410 p.
261 3347 333 3410 222).
442 3350 453 3382 ²
472 3353 510 3401 cf.
530 3370 606 3418 supra
624 3373 650 3419 p.
671 3370 730 3420 229.
