2350 3700
431 160 469 195 DE
489 159 681 196 scurrtctsMO.

452 326 618 374 Aarrcutus
638 338 656 374 1.

401 440 449 487 DE
469 440 709 490 SCEPTICISMO.

388 586 404 653 ξ
427 602 448 637 1.
481 590 552 639 Eius
572 591 721 653 expositio.

110 720 217 770 Notio.
259 713 449 789 Sceptiasmas
469 724 513 772 est
533 713 680 772 sententia
700 730 812 783 eorum,
834 712 898 788 qui,
921 714 1052 770 natarali

43 800 237 860 certitudine
264 812 451 877 contempta,
484 820 521 861 eo
549 803 749 873 devenerunt,
779 813 811 860 ut
841 802 1050 861 certitudinem

44 907 179 949 omnem
201 892 375 967 negandam
396 910 461 950 esse
483 892 695 951 affirmaverint
707 894 723 950 ¹.

112 1101 121 1132 ¹
145 1104 221 1153 Inter
239 1120 292 1165 eos,
312 1106 355 1169 qui
374 1104 561 1169 scepticismum
580 1114 667 1169 aperte
686 1106 793 1169 professi
813 1114 885 1164 sunt,
906 1104 938 1151 ad
957 1120 1050 1169 augen-

47 1184 110 1230 dum
132 1184 246 1232 scientia
265 1186 384 1244 animum,
404 1185 444 1233 hie
464 1185 612 1233 nominandi
632 1194 703 1233 sunt:

114 1276 138 1312 1.
168 1264 223 1326 Qui
243 1247 399 1329 Pyrrhonem
418 1266 565 1330 magistrum
584 1266 679 1325 secuti,
703 1268 797 1329 sceptici
812 1272 837 1314 et
852 1272 927 1314 erant
942 1273 966 1313 et
982 1281 1050 1312 riaca-

48 1345 154 1393 bantur.
183 1346 284 1407 Pyrrho
302 1361 362 1393 vero
381 1345 455 1393 Elide
474 1354 547 1394 natus
566 1344 624 1409 (fuit
644 1345 785 1407 360-270
803 1362 826 1395 a.
846 1342 919 1407 Chr.)
941 1345 1050 1393 «dixisse

48 1425 130 1472 fertur
159 1425 228 1472 nihil
254 1426 388 1473 honestum
416 1426 456 1473 vel
486 1427 646 1475 inhonestum
675 1442 757 1490 neque
784 1427 876 1475 iustum
904 1441 986 1489 neque
1015 1424 1050 1472 in-

5 1498 6 1511 ³
48 1505 155 1564 iustum,
179 1521 267 1569 neque
286 1522 371 1555 verum
391 1521 473 1570 neque
493 1506 589 1554 salsum.
616 1506 817 1556 Difficultatibus
830 1505 1050 1554 indissolubilibus

46 1586 144 1633 irretiri
166 1602 242 1645 eum,
263 1586 305 1649 qui
325 1586 365 1635 vel
384 1586 479 1650 aliquid
498 1603 545 1650 pro
563 1603 591 1635 re
610 1596 678 1635 certa
697 1595 873 1636 asseverasset.
911 1587 1017 1635 Derisus
1036 1602 1051 1632 n

43 1667 246 1729 praesentibus
266 1682 323 1714 cum
342 1683 357 1713 a
372 1682 434 1715 cane
455 1668 554 1717 territus
574 1677 632 1731 post
645 1668 760 1716 arborem
773 1668 926 1724 recessisset,
946 1666 1050 1714 difficile

43 1762 105 1794 esse
128 1747 198 1794 dixit
218 1746 345 1795 hominem
364 1748 464 1810 penitus
483 1764 589 1795 exuere»
613 1744 708 1810 (Pescla,
728 1749 788 1796 Inst.
809 1748 860 1812 log.
881 1748 900 1807 I,
921 1744 974 1810 46).

113 1840 141 1877 2.
162 1829 304 1877 Academici
321 1828 363 1892 qui
382 1827 507 1877 dicuntur.
539 1829 702 1877 Academiam
721 1837 804 1878 autem
824 1828 1009 1892 intellegimus:

112 1906 141 1971 a)
161 1909 269 1956 audiam
289 1909 329 1956 vel
347 1909 476 1958 secundam
497 1905 560 1971 (non
573 1910 688 1975 primam,
708 1925 772 1974 quae
785 1910 896 1957 Platonis
909 1907 974 1971 tuit),
994 1925 1049 1957 eam

44 1989 168 2049 scilicet,
198 2005 264 2053 quae
282 1991 434 2038 Arcesilaum
460 1998 588 2038 auctorem
614 1989 711 2038 habuit.
749 1990 790 2037 De
815 1990 988 2053 «ignorantiae
1007 1990 1050 2037 illo

45 2070 196 2134 magistro»
211 2070 246 2118 sic
256 2069 368 2118 Tullius:
386 2069 543 2119 «Arcesilaus
553 2067 686 2134 (318-24
691 2079 704 2132 5
716 2086 737 2117 a.
750 2066 829 2131 Chr),
841 2070 928 2134 inquit,
939 2071 1050 2134 negabat

45 2166 106 2198 esse
128 2150 271 2214 quicquam
290 2151 358 2214 quod
376 2151 434 2199 sciri
451 2159 545 2215 posset,
567 2167 599 2199 ne
618 2150 681 2199 illud
696 2149 799 2214 quidem
813 2152 903 2214 ipsum,
923 2151 993 2214 quod
1006 2150 1050 2198 So·

47 2240 135 2279 crates
156 2229 210 2278 sibi
230 2231 388 2294 reliquisset,
408 2232 445 2279 sic
464 2232 547 2279 omnia
567 2231 646 2280 latere
667 2231 693 2279 in
705 2231 806 2279 occulto
820 2246 902 2294 neque
915 2247 970 2278 esse
983 2231 1051 2295 quic-

47 2327 129 2375 quam
156 2311 231 2375 quod
257 2311 325 2359 cerni
352 2321 394 2358 aut
420 2311 533 2375 intellegi
558 2321 652 2376 posset.
690 2311 791 2372 Quibus
819 2311 851 2359 de
878 2312 960 2360 causis
986 2310 1050 2358 nihil

47 2400 176 2455 oportere
198 2406 281 2454 neque
300 2391 412 2455 profiteri
432 2407 513 2456 neque
533 2391 657 2440 affirmare
676 2407 840 2456 quemquam,
867 2408 949 2456 neque
968 2407 1050 2440 assen-

46 2473 139 2520 siones
159 2471 315 2536 approbare,
339 2472 509 2537 cohibereque
528 2488 628 2536 semper
646 2480 672 2520 et
690 2471 723 2519 ab
742 2473 811 2520 omni
829 2472 901 2536 lapsu
920 2472 1050 2521 continere

47 2553 241 2612 temeritatem,
267 2567 331 2616 quae
351 2561 401 2600 tum
420 2561 488 2601 esset
507 2553 619 2617 insignis
640 2568 697 2600 cum
716 2561 759 2600 aut
777 2551 840 2600 falsa
858 2562 901 2600 aut
920 2552 1051 2617 incognita

47 2650 90 2684 res
111 2632 318 2697 approbaretur»
342 2630 474 2696 (Academ.
495 2641 561 2697 post.
581 2634 601 2692 I,
625 2630 679 2697 12).

109 2711 144 2777 b)
160 2729 255 2761 novam
265 2714 304 2762 vel
314 2717 417 2775 tertiam,
429 2730 503 2778 quam
513 2713 650 2762 Carneades
658 2709 814 2777 (215-130
822 2730 843 2762 a.
853 2710 925 2777 Chr.)
934 2714 1049 2762 instituit.

47 2796 73 2844 Is
95 2793 283 2844 certitudinem
298 2810 396 2842 omnem
409 2794 511 2858 quidem
525 2793 620 2852 reiecit,
640 2793 846 2857 probabilitatem
860 2802 943 2840 tamen
957 2793 1050 2858 simpli-

49 2877 116 2924 citer
137 2873 251 2922 admisit.
283 2874 365 2921 Huius
384 2873 486 2922 scholae
505 2873 634 2938 principia
653 2874 780 2937 professus
799 2884 837 2921 est
855 2874 928 2921 Phila
946 2874 1051 2937 eiusque

50 2955 202 3019 discipulus
224 2954 306 3001 Cicera
325 2949 481 3016 (106-43).
506 2943 538 3002 ‘A
557 2954 698 3002 Carneadis
717 2963 800 3001 tamen
819 2953 934 3001 doctrina
952 2953 1051 3002 Tullius

51 3037 76 3083 in
97 3051 132 3084 eo
152 3033 269 3092 recessit,
291 3033 359 3095 quod
378 3034 479 3082 admisit
498 3034 559 3082 alias
579 3034 636 3082 aliis
656 3033 789 3097 opiniones
809 3049 865 3081 esse
880 3050 956 3097 posse
968 3036 1051 3084 aerz'si-

53 3117 174 3164 miliares.

116 3206 142 3256 3.
163 3192 273 3241 Saeculo
290 3193 329 3239 III
348 3192 413 3241 inter
432 3193 557 3257 scepticos
576 3194 684 3241 maxime
703 3193 795 3240 enituit
808 3194 897 3241 Sextra
910 3195 1052 3255 Empitiarr

56 3273 123 3338 (200
145 3291 172 3338 p.
194 3270 280 3336 Chr).

114 3370 142 3416 4.
163 3354 236 3402 Inter
254 3352 381 3416 scepticos
400 3369 460 3401 vero
479 3352 647 3400 recentiorum
662 3359 803 3412 temporum
817 3348 965 3396 nominandi
979 3353 1051 3392 sunt:
