2350 3700
501 140 731 179 CRITERIOLOGIA.

511 325 678 374 Anrrcurus
697 336 727 373 ιι.

234 450 282 498 DE
301 448 540 499 EXPERIENTIA
558 446 730 496 EXTERNA
747 445 817 494 VEL
837 445 1013 495 SENSUUM.

407 588 425 655 ἓ
447 604 469 641 1.
501 591 640 641 Notiones
659 591 835 641 evolvuntur.

188 714 381 775 Conscientia
402 725 518 786 nostra,
548 732 617 773 cum
642 714 817 773 affectiones
845 714 980 772 internas
1008 711 1044 769 in
1074 728 1123 767 sua

127 815 233 864 natura
253 816 396 864 concreta
416 804 504 863 nobis
525 803 707 873 manifestat,
736 821 774 862 eo
800 802 867 878 ipso
889 802 928 861 de
956 802 1124 859 exsistentia

128 897 253 971 corporis
273 904 303 953 et
323 911 462 953 sensuum
482 895 600 967 ergarus
618 911 675 951 nos
695 892 838 951 certiores
858 892 938 951 facit.

189 992 259 1052 Non
281 994 376 1051 solum
398 993 479 1050 enim
499 991 587 1050 nobis
609 990 758 1050 renuntiat
778 1009 834 1049 nos
855 1008 881 1050 e.
897 1008 925 1066 g.
947 990 1059 1048 dolore
1077 989 1123 1046 vel

129 1082 329 1142 delectatione
351 1081 445 1153 affici,
477 1080 530 1140 sed
552 1081 640 1139 etiam
661 1080 798 1139 dolorem
818 1080 867 1138 vel
887 1078 1124 1138 delectationem

129 1172 210 1230 illam
223 1190 289 1231 esse
303 1179 456 1241 externam,
478 1170 496 1229 i.
513 1188 539 1229 e.
554 1169 585 1228 in
607 1169 730 1229 diversis
743 1169 828 1229 huius
841 1168 928 1227 unius
944 1185 1042 1243 «ego»
1058 1186 1123 1242 par·

130 1262 207 1320 tibus
237 1261 394 1331 collocari,
426 1279 504 1336 quae
532 1260 590 1319 sint
617 1258 693 1318 aliae
721 1269 804 1318 extra
833 1258 914 1318 alias.
956 1260 1122 1316 Extensum

130 1368 203 1409 vero
225 1349 307 1419 illud,
329 1349 412 1426 quod
432 1350 464 1407 in
488 1366 580 1425 «ego»
605 1358 708 1407 nostro
729 1349 772 1407 sic
786 1346 1052 1424 apprehendimus,
1073 1364 1122 1403 vo·

131 1457 232 1498 carnus
255 1457 372 1514 corpus.

191 1538 349 1596 Praeterea
364 1537 442 1595 clare
457 1537 545 1595 nobis
560 1535 745 1595 conscientia
759 1536 928 1595 manifestat
936 1532 1123 1594 sensationes

132 1636 248 1686 nostras
269 1626 356 1697 effici,
378 1644 441 1684 non
456 1626 551 1684 solum
564 1628 596 1683 in
610 1626 813 1685 determinatis
829 1626 965 1701 corporis
978 1624 1122 1701 partibus,

133 1716 187 1776 sed
208 1715 297 1775 etiam
317 1724 368 1792 ope
387 1716 503 1774 illarum
524 1716 659 1791 partium,
681 1732 759 1790 quae
779 1715 819 1773 ad
839 1717 899 1773 hoc
919 1724 987 1773 sunt
1008 1723 1125 1771 natiua-

133 1806 199 1865 liter
220 1806 379 1865 instructae
400 1816 430 1865 et
450 1823 527 1881 quae
549 1804 687 1864 dicuntur
707 1823 827 1880 organo.
857 1805 907 1864 Sic
927 1804 1046 1864 colores
1061 1821 1125 1862 sen·
1161 1839 1162 1875 ι

133 1897 220 1955 timus
241 1914 297 1954 nos
318 1895 546 1971 apprehendere
568 1895 671 1966 oculis,
695 1913 801 1968 sonum
823 1895 957 1964 auribus,
978 1893 1040 1951 alia
1061 1893 1127 1951 aliis

133 1985 261 2060 organis.
304 1985 497 2044 Conscientia
517 1985 599 2044 enim
625 1985 714 2043 nobis
742 1983 891 2043 renuntiat
918 1984 957 2042 ab
985 1983 1053 2059 ipsa
1083 2000 1126 2040 or·
1161 2028 1162 2033 ,

134 2092 280 2150 ganorum
302 2073 418 2132 illorum
440 2074 645 2150 dispositione,
667 2075 840 2146 attentione,
862 2071 1039 2144 directione,
1062 2089 1127 2148 per·

135 2164 290 2240 ceptiones
310 2164 375 2222 illas
396 2182 513 2240 semper
535 2163 720 2240 dependere.

135 2375 235 2425 Darauf
250 2375 282 2424 ist
300 2375 435 2440 folgendes
453 2391 484 2423 zu
502 2374 642 2425 erwideru:
662 2375 800 2424 Immerhin
819 2375 851 2424 ist
869 2374 915 2424 der
933 2388 991 2423 vom
1006 2372 1126 2422 Bewusst·

136 2457 190 2505 sein
216 2455 382 2505 konstatierte
401 2455 520 2505 Schmerz
544 2455 660 2505 wirldich
684 2456 842 2506 vorhanden.
879 2455 941 2503 Was
967 2454 1008 2502 die
1029 2453 1128 2503 Lokali·

135 2539 238 2600 sierung
254 2537 299 2585 des
318 2536 465 2586 Schmerzes
483 2536 591 2596 betrifft,
618 2553 647 2586 so
671 2538 769 2586 konnte
790 2553 848 2585 man
871 2535 999 2585 vielleicht
1023 2533 1129 2598 geltend

136 2617 250 2676 macheu,
271 2617 326 2666 dass
345 2618 390 2666 das
409 2617 577 2667 Bewusstsein
596 2633 644 2665 nur
662 2617 697 2666 im
716 2617 846 2667 normalen
865 2616 1007 2665 Menschen
1027 2616 1055 2664 in
1074 2631 1129 2662 nor-

137 2696 215 2745 maler
233 2698 287 2746 und
304 2697 486 2762 auverlassiger
497 2697 583 2746 Weise
603 2698 657 2748 sich
676 2698 825 2763 bethdtigen
843 2698 937 2746 konne.
963 2696 1040 2744 Doch
1059 2695 1130 2743 diese

137 2778 253 2827 Ausrede
272 2777 305 2826 ist
323 2794 369 2842 gar
387 2778 459 2827 nicht
476 2778 633 2844 notwendig.
670 2780 744 2828 Auch
764 2778 818 2827 hier
836 2777 921 2826 haben
940 2777 985 2825 wir
1005 2792 1034 2825 es
1060 2776 1130 2824 nicht

137 2858 180 2908 mit
199 2857 280 2907 einem
299 2858 496 2907 unmittelbaren
515 2858 770 2908 Bewusstseinsurteil
788 2875 819 2907 zu
837 2858 907 2907 thun.
937 2858 991 2905 Das
1008 2856 1130 2906 Bewusst·

138 2939 192 2988 sein
210 2939 299 2987 nimmt
317 2938 367 2988 den
388 2938 507 2988 Schmerz
526 2939 551 2987 in
571 2939 622 2988 don
640 2939 822 2992 Extremitaten
847 2939 892 2988 des
910 2938 1026 3003 Kdrpers
1052 2937 1129 2995 wahr,

137 3036 177 3069 wo
196 3034 225 3067 er
242 3019 307 3067 auch
326 3018 444 3069 wirklich
462 3020 552 3068 seinen
571 3019 623 3068 Sitz
642 3020 693 3071 hat.
730 3020 798 3069 Weil
826 3021 888 3069 aber
906 3020 952 3068 der
968 3019 1130 3085 Amputierte

139 3097 235 3160 infolge
261 3097 350 3161 langer
369 3098 540 3148 Gewohnheit
565 3099 608 3148 die
626 3101 777 3150 Extremitiit
801 3102 839 3150 als
864 3100 942 3148 Hand
968 3115 1000 3147 zu
1027 3098 1130 3147 denken

139 3175 192 3221 und
210 3191 240 3222 zu
258 3175 415 3224 bezeichnen
433 3178 527 3241 pflegt,
548 3194 576 3226 so
595 3180 702 3230 bedient
720 3196 749 3228 er
766 3180 822 3229 sich
840 3176 1028 3228 unwittkurlieh
1048 3177 1131 3226 dieser

140 3252 192 3298 ihm
210 3250 355 3315 gelaufigen
374 3255 484 3318 Begriffe
502 3256 556 3303 und
575 3257 621 3306 der
644 3258 723 3308 ihnen
748 3257 968 3324 entsprechenden
987 3256 1131 3306 Phantasie-

140 3328 236 3377 bilder»
260 3325 380 3390 (Lehmen
400 3333 416 3381 l.
436 3348 458 3381 c.
477 3350 503 3396 p.
526 3333 599 3400 170).

321 3529 407 3675 ‘N
