2350 3700
405 167 443 204 na
462 167 670 204 aucromrara.
986 163 1033 218 155

106 313 157 369 ΠΙ.
189 313 330 373 Assensus
358 315 467 375 mentis
495 314 653 390 praestitus
685 321 805 390 propter
837 315 1033 372 auctoritatem

53 401 175 459 testantis
189 402 300 462 dicitur
304 405 389 480 fides.
421 404 565 464 Rationes
578 423 661 475 vero,
677 403 784 479 quibus
798 413 914 463 constat
927 413 1033 463 testem

49 490 172 548 locutum
195 509 264 552 esse
285 504 315 552 et
334 492 431 568 ipsum
452 511 516 552 esse
537 493 681 553 scientem
703 502 732 552 et
750 511 889 552 veracem
910 487 1033 566 (habere

48 577 271 657 auctoritatem),
293 582 432 642 dicuntur
451 584 557 642 motiva
577 583 777 641 credtffllitatis.

101 678 217 737 Motiva
233 682 437 741 credibilitatis
457 699 519 740 non
534 691 602 740 sunt
614 681 829 740 confundenda
849 700 918 739 cum
932 682 1034 740 oratioe

43 768 112 838 filei.
153 770 308 828 Motivum
329 772 409 830 enim
430 771 500 830 fidei
521 781 566 830 est
585 769 626 842 id,
650 780 773 846 propter
794 770 877 846 quod
898 788 1033 830 assensus

46 857 145 916 mentis
159 869 346 934 praestatur:
368 871 413 919 est
426 861 491 936 ipsa
504 861 585 920 testis
599 863 762 929 auctoritas,
781 859 906 919 scientia
919 860 1033 920 scilicet

45 947 100 1004 eius
127 958 157 1006 et
185 951 344 1009 veracitas.
386 950 532 1008 Motivum
560 950 630 1009 fidei
657 949 764 1008 dicitur
791 949 880 1009 etiam
902 949 1032 1007 obiectam

41 1035 165 1109 formale
177 1039 263 1111 fidei,
279 1051 311 1098 ut
324 1039 518 1115 distinguatur
532 1059 550 1097 a
563 1039 633 1098 fidei
648 1039 767 1098 obiecto
781 1040 933 1110 materiali,
950 1037 1032 1114 quod

48 1126 135 1183 estid
151 1129 237 1202 quod
254 1129 391 1188 creditur.

97 1255 149 1312 IV.
174 1257 273 1315 Actus
294 1256 424 1332 denique
445 1257 509 1328 ille,
538 1275 600 1332 quo
621 1257 701 1316 testis
722 1255 926 1332 cognitionem
948 1273 1031 1314 suam

50 1344 122 1401 alteri
143 1356 176 1402 ut
198 1364 305 1405 veram
326 1346 503 1417 manifestat,
524 1346 634 1405 dicitur
653 1347 847 1404 testimonium.

21 1512 22 1517 .
102 1473 125 1509 1.
147 1454 372 1512 Testimonium
394 1454 452 1514 Dei
472 1455 594 1530 proprie
616 1453 723 1513 dicitur
742 1455 884 1513 revelatio.

102 1571 126 1608 a.
149 1553 371 1610 Testimonium
380 1553 535 1611 hominum
544 1552 717 1628 simpliciter
731 1552 838 1612 dicitur
847 1553 1032 1610 testiinonium

50 1639 206 1700 hamanum.

102 1738 191 1811 Quae
228 1740 330 1799 omnia
364 1743 501 1816 exemplo
536 1741 723 1800 illustrantur.
773 1739 816 1799 Sit
849 1738 1030 1817 propositio:

50 1827 151 1887 Anima
173 1830 308 1889 humana
328 1841 372 1890 est
393 1830 574 1890 immortalis.

104 1928 132 1985 Si
159 1927 329 1989 intellectus
348 1930 463 1989 veritati
490 1932 559 1988 huic
580 1930 716 2002 assentit,
746 1947 808 1988 non
829 1939 953 2005 propter
974 1927 1032 1987 evi-

52 2013 176 2076 dentiam
205 2019 386 2079 ohiectivam
412 2021 497 2079 huius
525 2020 655 2078 veritatis
682 2020 778 2095 ipsam
800 2028 857 2094 per
883 2036 911 2075 se
939 2017 1031 2076 menti

54 2122 109 2162 sese
122 2108 373 2181 manifestantem,
395 2111 450 2168 sed
463 2119 586 2185 propter
601 2109 777 2185 sapientiam
799 2117 828 2166 et
841 2108 1032 2166 veracitatem

53 2194 115 2266 Dei,
146 2216 211 2256 rem
234 2199 275 2255 ita
295 2217 360 2258 esse
381 2199 468 2257 nobis
489 2199 662 2269 revelantis,
692 2216 826 2257 assensus
847 2196 899 2255 tali
920 2196 1032 2255 motivo

54 2284 199 2354 praestitus
213 2286 321 2345 dicitur
334 2287 417 2346 fides.
452 2288 571 2347 Veritas
585 2289 650 2364 ipsa
669 2286 894 2345 immortalitatis
915 2286 1032 2343 animae

52 2383 89 2429 est
115 2374 202 2433 huius
238 2376 307 2435 fidei
334 2376 483 2435 obiectum
512 2378 673 2436 materiale.
725 2374 876 2451 Sapientia
903 2392 975 2432 vero
1004 2385 1033 2432 et

52 2465 189 2523 veracitas
204 2465 262 2523 Dei
283 2465 420 2524 dicuntur
440 2468 573 2525 motivam
585 2468 677 2541 fidei:
698 2476 764 2525 sunt
785 2464 866 2524 enim
887 2463 926 2535 id,
950 2463 1032 2538 quod

53 2564 143 2611 movet
165 2553 349 2612 intellectum
370 2554 408 2612 ad
429 2555 660 2614 assentiendum.
697 2558 850 2613 Vocantur
871 2553 961 2611 etiam
983 2553 1033 2610 oh·

53 2638 154 2700 iectum
171 2644 306 2714 formale,
329 2644 399 2718 quia
413 2643 484 2719 ipsis
497 2645 537 2715 fit,
553 2655 585 2702 ut
599 2662 733 2703 assensus
748 2644 796 2702 ille
812 2644 847 2701 sit
861 2642 1034 2717 formaliter

53 2728 118 2788 fides
138 2743 170 2791 et
182 2750 245 2791 non
260 2732 391 2791 scientia.
426 2734 571 2792 Rationes
584 2750 657 2791 vero
673 2728 762 2807 (puta,
784 2724 1031 2808 philosophicae),

53 2818 150 2889 quihus
161 2821 396 2880 demonstratum
405 2822 549 2882 habemus
559 2824 660 2880 Deum
674 2841 779 2881 revera
789 2839 853 2881 esse
867 2820 1033 2896 sapientem

54 2917 78 2963 et
96 2928 249 2982 veracem,
278 2912 349 2969 item
369 2912 514 2983 rationes,
546 2912 653 2987 quihus
681 2921 865 2985 compertum
889 2909 1033 2967 hahemus

55 2996 144 3057 Deum
164 3000 244 3066 hanc
265 3001 418 3059 veritatem
437 3001 641 3060 manifestasse
657 2996 699 3074 (in
714 2999 832 3058 Christo
853 3017 878 3057 e.
894 2993 944 3073 g.)‚
967 3009 1034 3059 sunt

56 3091 150 3149 motiva
163 3090 363 3148 credibilitatis.
398 3090 615 3150 Testimonium
630 3090 761 3165 denique
776 3088 848 3146 illud
863 3087 930 3156 Dei,
952 3098 1031 3163 puta,

56 3175 152 3237 Christi
173 3180 298 3238 Domini
318 3179 455 3239 dicentis:
482 3182 537 3238 «Et
558 3180 642 3238 ibunt
662 3179 692 3236 hi
712 3178 743 3235 in
751 3177 926 3253 supplicium
942 3188 1033 3235 aeter·

57 3282 130 3338 num,
157 3268 225 3327 iusti
246 3278 345 3326 autem
364 3267 396 3325 in
417 3280 594 3344 perpetuum
621 3268 749 3338 vivent»,
779 3265 899 3343 proprie
925 3265 1033 3324 dicitur

57 3358 186 3417 revelatio.
