2350 3700
360 119 399 156 DE
417 120 481 156 lrsn
499 121 685 159 PROBATIONE.
967 120 1015 174 195

46 263 199 322 adversario
230 267 390 326 admissam
420 269 500 327 falsis
527 288 564 328 ex
594 269 764 345 praemissis
790 270 915 342 deduci,
947 270 1017 346 quia

39 354 141 418 ,scilicet
159 357 207 413 vel
229 357 411 432 praemissae
432 357 622 417 materialiter
643 370 710 418 sunt
730 359 835 430 salsae,
864 361 912 418 vel
933 359 1017 418 deest

44 443 125 500 torma
144 445 309 520 syllogismi
330 457 419 506 recta.
461 449 501 505 Et
520 449 596 506 haec
619 448 741 524 quidem
762 449 887 508 retorsio
908 448 1016 524 triplici

44 533 121 591 modo
140 533 205 592 fieri
228 545 343 610 potest:

91 616 117 696 a)
130 624 411 698 Argumentatione,
427 643 505 701 quae
514 625 623 684 dicitur
632 643 668 684 ex
676 627 751 684 datis
761 627 808 686 vel
817 627 860 684 ad
869 627 1015 684 hominem.

41 711 167 770 Consistit
188 724 292 773 autem
305 715 380 772 haec
399 716 617 790 argumentatio
638 715 670 772 in
691 733 738 789 eo,
760 715 856 791 quod,
879 715 1017 774 adhibitis

40 801 179 876 principiis
201 803 299 875 falsis,
317 794 399 878 ⁴quae
420 805 458 862 ab
479 804 651 863 adversario
672 815 704 862 ut
723 823 795 863 vera
814 805 1016 876 admittuntur,

39 890 181 949 conficitur
209 903 434 968 argumentum,
463 912 524 968 quo
552 893 618 969 ipse
639 893 823 952 adversarius
850 893 947 970 logice
967 894 1017 953 ad·

39 979 149 1038 ducatur
169 981 210 1038 ad
234 981 420 1040 admittenda
441 984 507 1053 alia,
529 1001 608 1058 quae
623 983 697 1042 falsa
711 1000 775 1042 esse
789 983 900 1042 asserit.
935 983 1017 1042 Talis

39 1079 74 1126 est
91 1071 328 1144 argumentatio,
359 1090 418 1147 qua
440 1072 576 1131 adhibito
597 1072 746 1149 principio
774 1092 792 1130 a
813 1071 927 1130 Kantio
948 1091 1018 1131 con·

39 1174 124 1217 cesso:
152 1159 274 1219 Iudicia
293 1161 415 1219 rationis
435 1178 528 1237 purae
549 1180 612 1220 non
633 1162 746 1220 habent
765 1161 897 1220 valorem
919 1162 1017 1220 obiec-

39 1247 130 1320 tivum,
152 1249 257 1324 logice
278 1249 434 1308 adducitur
454 1250 582 1309 Kantius
604 1249 642 1309 ad
664 1249 880 1309 admittendum
899 1250 964 1326 ipsa
977 1251 1017 1309 iu·

41 1335 103 1394 dicia
123 1337 252 1398 rationis
272 1339 421 1415 practicae
443 1340 526 1398 omni
545 1341 648 1398 valore
669 1339 818 1399 obiectivo
839 1339 966 1399 destitui.

39 1502 40 1505 Ἴ
86 1427 265 1486 Notandum
297 1440 398 1487 tamen
432 1439 477 1487 est
506 1438 577 1487 tunc
612 1429 708 1487 solum
737 1439 943 1504 argumentum
978 1429 1017 1486 ad

41 1513 179 1574 hominem
210 1527 292 1576 recte
314 1517 374 1576 dici
394 1535 483 1594 posse
504 1517 718 1589 retorsionem,
748 1536 817 1576 cum
837 1517 1016 1595 principium

39 1605 181 1678 quoddam
212 1607 320 1665 falsum
350 1608 388 1666 ab
422 1608 595 1666 adversario
626 1617 732 1665 contra
765 1625 822 1665 nos
852 1605 1016 1665 adhibitum

38 1701 123 1752 cnara
143 1697 238 1771 iprum
259 1697 402 1769 dirzgttar.
445 1697 669 1772 Saepenumero
690 1707 788 1755 autem
810 1704 1015 1771 argumentum

38 1782 69 1838 ad
86 1783 243 1843 hominem
265 1785 421 1844 adhibetur
440 1784 530 1844 etiam
550 1786 593 1842 ad
601 1786 704 1842 directe
718 1785 898 1862 probandam
918 1785 1017 1842 thesim

39 1872 250 1951 impugnatam
271 1876 324 1934 sed
345 1886 416 1933 tunc
429 1893 493 1933 nou
513 1876 605 1934 habet
625 1875 681 1933 nisi
698 1876 831 1934 valorem
852 1874 1015 1947 relativum,

38 1959 52 2019 i.
70 1980 92 2020 e,
112 1964 240 2023 relative
262 1965 303 2023 ad
322 1964 534 2042 adversarium.

86 2052 132 2111 Sic
159 2054 300 2129 theologi
327 2064 503 2129 argumento
533 2054 571 2111 ad
600 2052 754 2112 hominem
786 2052 1017 2129 protestantibus

38 2143 153 2215 probant
168 2145 267 2202 solam
280 2144 371 2202 fidem
391 2144 432 2202 ad
445 2143 570 2201 salutem
583 2162 648 2201 non
667 2143 821 2201 sufficere:
844 2144 889 2201 Ea
902 2152 1016 2201 tantum

38 2230 85 2289 ide
113 2233 250 2291 tenenda
278 2243 360 2305 sunt,
393 2250 469 2307 quae
498 2232 650 2309 Scriptura
671 2233 763 2290 Sacra
792 2241 859 2290 sunt
886 2232 1017 2291 revelata

39 2312 221 2397 [principium
243 2322 356 2393 salsum,
378 2321 432 2379 sed
453 2341 472 2379 a
492 2320 722 2396 protestantibus
743 2315 923 2395 admissum).
967 2322 1017 2377 At·

38 2409 77 2481 qui
90 2410 247 2486 Scriptura
261 2411 353 2469 Sacra
367 2410 440 2468 nihil
455 2410 528 2468 dicit
548 2411 586 2470 de
601 2410 661 2469 fide
676 2411 740 2468 sola
754 2410 885 2469 salvifica
899 2405 1017 2486 (veritas

38 2499 259 2571 protestantibus
280 2493 532 2574 demonstranda).
575 2501 657 2575 Ergo
685 2498 744 2557 fide
769 2517 832 2557 non
854 2499 1016 2557 tenendum

38 2598 71 2643 est
90 2589 187 2647 solam
207 2589 298 2647 fidem
319 2588 359 2646 ad
379 2583 505 2647 salutem
525 2588 673 2647 sufficere.

87 2672 116 2751 b)
139 2678 283 2737 Secundo
303 2678 368 2735 fieri
388 2687 488 2753 potest
515 2678 640 2736 retorsio
662 2695 709 2749 eo,
732 2676 815 2752 quod
835 2678 1016 2754 praemissae

38 2765 69 2821 ab
87 2766 259 2826 adversario
281 2767 441 2838 adhibitae,
463 2768 532 2841 qaia
551 2773 623 2823 reete
645 2786 701 2825 aaa
723 2767 896 2836 concludunt,
919 2772 1017 2824 eontra

38 2854 116 2927 alsam
135 2856 316 2915 adhibentur.
346 2857 523 2931 Exemplum
544 2855 714 2914 huiusmodi
735 2856 907 2914 retorsionis
929 2873 1018 2932 supra

38 2936 70 3017 (p.
91 2948 127 3002 86
149 2955 181 3004 et
202 2940 252 3021 87)
274 2946 457 3004 declaratum
478 2946 580 3003 habes.

88 3029 115 3108 c)
136 3034 241 3093 Tertio
262 3034 394 3109 denique
414 3033 477 3093 fieri
492 3044 592 3110 potest
612 3035 738 3093 retorsio
760 3051 807 3105 eo,
830 3033 913 3109 quod
934 3052 1016 3109 argu·

41 3124 170 3182 mentatio
200 3123 309 3183 eadem
339 3123 440 3198 quoad
470 3123 599 3181 formam
629 3122 804 3182 adhibeatur
831 3123 863 3180 in
892 3122 1017 3181 materia

38 3210 92 3281 alia,
114 3231 192 3287 quae
213 3213 251 3271 sit
265 3212 382 3283 clarior,
403 3222 436 3270 ut
448 3212 492 3270 sic
505 3212 671 3269 ostendatur
678 3210 810 3282 formam
825 3229 881 3268 esse
889 3210 1015 3283 falsam,

38 3298 57 3353 si
75 3300 257 3360 adversarius
278 3301 427 3375 regulam,
450 3310 556 3357 contra
577 3317 668 3372 quam
689 3297 876 3371 syllogismus
899 3305 1015 3369 peccat,

802 3393 856 3453 ¹3*
