2350 3700
136 138 145 173 1
154 138 184 174 12
512 135 745 173 CRITERIOLOGIA.

191 284 377 358 Argumentis
396 285 561 359 quibusdam
574 285 743 361 specialibus.
766 313 806 323 —
822 282 1029 359 Propositum
1049 278 1141 337 nobis

131 392 193 432 non
215 384 271 447 est,
293 384 325 432 ut
346 372 447 433 omnia
475 392 553 450 quae
574 383 680 433 contra
700 373 846 431 Kantium
865 372 967 430 afferri
1003 380 1142 447 possunt
1168 391 1170 458 ξ

131 473 306 539 argumenta
334 482 526 539 exponamus.
577 464 654 521 Satis
680 462 768 521 nobis
798 461 868 532 erit,
899 471 931 519 ut
958 460 1142 537 praecipua
1168 503 1170 508 .

132 572 209 628 quae
239 552 271 611 in
302 552 364 611 eius
399 562 557 627 systemate
592 552 665 609 falsa
700 560 877 622 occurrunt,
912 550 1061 609 breviter
1098 566 1142 607 re-

131 642 360 719 prehendamus.
402 643 503 700 Potest
523 650 623 699 autem
643 640 753 699 refelli:

192 743 214 799 Ι.
237 742 422 816 Argumento
439 742 570 814 negatam
585 735 784 815 (ostendendo
806 756 850 809 ea,
873 755 952 813 quae
973 756 993 794 a
1010 737 1140 794 Kantio
1168 747 1170 758 ²

131 830 314 887 affirmantur
335 831 383 889 vel
403 838 566 905 negantur,
596 828 659 887 sine
681 829 740 885 ulla
759 829 806 885 vei
827 845 890 885 non
910 826 967 884 nisi
987 845 1074 884 cum
1097 825 1142 881 in-

131 919 289 977 sufficienti
310 919 505 977 fundamento
527 917 668 975 affirmari
687 917 736 975 vel
756 911 879 991 negari).

195 1038 219 1075 1.
243 1017 353 1092 Quoad
373 1018 594 1086 sensibilitatem,
622 1014 724 1091 gratis,
753 1016 772 1073 i.
794 1034 820 1074 e.
842 1014 906 1073 sine
928 1014 1054 1073 ratione
1078 1014 1140 1071 sui·

131 1106 251 1177 finienti,
274 1106 402 1166 Kantius
423 1108 550 1165 affirmat
571 1105 776 1165 extensionem
798 1123 898 1163 rerum
925 1104 957 1162 in
984 1114 1138 1180 tempore

131 1205 161 1254 et
181 1196 212 1254 in
234 1196 329 1272 spatio
350 1215 413 1254 non
435 1214 498 1254 esse
519 1195 576 1253 nisi
598 1195 629 1252 in
649 1193 783 1253 subiecto
805 1203 1019 1269 cognoscente.
1070 1194 1137 1251 Sed

132 1285 215 1360 quod
239 1285 345 1360 «gratis
366 1286 535 1355 affirmatur,
557 1284 648 1360 gratis
668 1293 827 1359 negaturi:
849 1294 956 1342 contra
977 1283 1135 1341 Kantium

131 1374 321 1449 praesertim,
352 1374 402 1449 qui
424 1372 525 1432 omnia
552 1373 621 1432 crisi
648 1373 822 1432 subicienda
849 1390 913 1431 esse
935 1372 1103 1431 contendit
1115 1373 1133 1429 ¹.

194 1494 219 1531 2.
242 1473 352 1545 Quoad
366 1474 541 1541 intellectum,
557 1472 621 1531 sine
636 1473 696 1530 ullo
709 1472 905 1530 fundamento
920 1470 1054 1529 Kantius
1078 1471 1134 1528 ad-

133 1560 220 1619 mittit
240 1562 439 1623 exsistentiam
460 1561 638 1619 iudiciorum
658 1562 872 1635 syntheticerum
893 1580 912 1617 a
927 1562 1036 1635 priori.

193 1651 280 1723 Nam,
303 1669 363 1726 quo
384 1650 498 1709 facilius
514 1650 570 1709 sibi
585 1660 614 1707 et
628 1650 692 1708 aliis
711 1650 905 1726 persuaderet
925 1648 1039 1707 iudicia
1057 1668 1132 1725 syn·

131 1738 241 1797 thetica
252 1759 270 1797 a
280 1740 372 1815 priori
381 1758 486 1799 revera
495 1739 631 1810 inveniri,
646 1739 801 1797 notionem
811 1738 989 1796 iudiciorum
1001 1739 1131 1814 analyti-

131 1846 234 1887 corum
245 1838 275 1888 et
285 1829 489 1889 definitionem
503 1829 583 1887 ultre
597 1830 707 1887 enodem
721 1830 881 1886 coarctavit.
911 1827 1029 1886 Iudicia
1040 1828 1129 1886 enim

131 1921 273 1994 anamiim
293 1938 329 1978 ea
351 1931 432 1992 sunt,
454 1939 491 1979 ex
513 1934 640 1995 quorum
670 1929 868 1978 extremorum
896 1913 969 1993 (sive
994 1917 1128 1976 subiecti

131 2008 193 2066 sive
213 2004 355 2084 attributi)
370 2009 483 2084 analysi
505 2009 615 2067 eruitur
635 2011 720 2076 ratio,
742 2018 970 2084 propterquam
985 2017 1129 2066 extrema

130 2097 300 2156 necessario
321 2099 533 2174 componenda
554 2101 601 2157 vel
618 2097 780 2156 dividenda
801 2098 875 2169 sint3
896 2097 957 2155 sive
979 2096 1055 2172 quia
1068 2115 1128 2172 per

130 2187 274 2262 analysim
302 2187 424 2247 subiecti
452 2188 483 2245 in
509 2188 576 2262 ipso
597 2187 763 2246 invenimus
790 2187 925 2244 notitiam
953 2186 1127 2262 praedicati

132 2271 167 2351 (e.
191 2295 218 2351 g.
243 2276 351 2335 «homo
372 2287 416 2335 est
437 2272 595 2351 animan),
617 2277 679 2336 sive
701 2276 771 2351 quia
791 2294 846 2352 per
866 2276 947 2334 illam
972 2276 1126 2351 analysim

130 2365 296 2424 invenimus
317 2375 430 2424 tantum
451 2368 599 2436 ratz‘eizem,
620 2375 850 2443 propterquam
864 2365 1038 2423 attributum
1056 2366 1126 2423 sub

130 2454 208 2513 iecto
239 2455 405 2513 conveniat.
448 2456 498 2514 Sic
528 2474 553 2514 e.
583 2475 611 2531 g.
638 2454 795 2513 iudicium:
830 2454 973 2512 «mundus
1003 2474 1024 2511 a
1052 2456 1125 2512 Deo
1162 2524 1170 2536 .

130 2554 246 2602 creatus
260 2553 331 2616 est»,
348 2564 365 2602 a
378 2544 561 2604 scholasticis
576 2545 682 2602 dicitur
692 2544 834 2602 iudicium
844 2543 1034 2618 analyticum,
1051 2544 1126 2617 quia
1168 2572 1169 2579 κ

130 2650 185 2706 per
222 2633 316 2708 ipsam
347 2635 490 2710 analysim
518 2633 642 2693 subiecti
673 2633 777 2692 mundi
811 2631 928 2709 aperire
962 2649 1126 2708 possumus

191 2842 197 2869 ¹
222 2845 286 2892 «Die
298 2844 568 2909 Nichtberechtigung,
585 2846 669 2893 einem
681 2845 754 2909 Ding
766 2845 808 2894 ein
821 2846 906 2894 Etwas
918 2845 1122 2908 zuzusprechen,

129 2924 199 2986 giebt
218 2924 278 2972 kein
297 2925 393 2983 Recht‚
421 2925 473 2972 ihm
498 2925 551 2974 dies
570 2925 655 2974 Etwas
680 2925 878 2989 abzusprechen.
916 2925 1018 2972 Gerade
1045 2942 1123 2973 menn

129 3003 168 3049 ich
188 3004 250 3051 uber
269 3005 313 3052 das
330 3004 431 3052 Neben-
450 3005 503 3052 und
515 3005 713 3053 Nacheinander
732 3005 778 3054 der
789 3006 875 3068 Dinge
895 3005 978 3052 nichts
997 3006 1124 3068 angeben

129 3080 197 3128 kann
216 3083 270 3128 und
287 3085 345 3130 weil
360 3083 400 3129 ich
420 3099 465 3145 gar
484 3084 566 3132 nichts
585 3085 695 3133 dardber
713 3085 761 3133 soll
781 3085 931 3133 bestimmen
950 3085 1057 3144 durien,
1090 3087 1124 3134 ist

130 3173 156 3204 es
174 3159 414 3221 Kritiklosigkeit—
427 3161 528 3209 ahnlich
548 3164 596 3211 wie
615 3165 652 3212 sie
671 3165 742 3212 Kant
761 3161 961 3212 am'Atheismus
980 3165 1063 3212 tadelt
1076 3191 1122 3225 —-‚

129 3249 204 3281 wenn
223 3235 264 3282 die
283 3236 391 3284 Realitat
409 3254 459 3286 von
478 3240 560 3288 Raum
578 3244 632 3290 und
650 3244 705 3292 Zeit
723 3246 762 3291 fflr
780 3245 826 3292 das
845 3244 915 3308 Ding
933 3259 967 3290 an
985 3244 1042 3291 sich
1070 3246 1124 3293 ein-

129 3311 186 3357 fach
205 3311 341 3375 geleugnet
359 3315 436 3362 wird»
459 3315 554 3381 (Brazg,
575 3321 641 3368 Vom
660 3323 799 3371 Erkennen
819 3340 844 3387 p.
868 3320 935 3384 141).
