2350 3700
212 158 250 194 DE
270 158 462 195 EXPERIENTIA
481 158 617 195 EXTERNA
636 159 691 195 VEL
711 158 854 196 SENSUUM.
976 160 1025 210 139

93 304 184 377 Quae
209 306 325 378 omnia,
355 324 423 364 cum
444 326 461 364 a
482 306 666 365 conscientia
686 307 842 366 evidenter
862 309 1028 384 apprehen·

34 394 141 452 dantur
170 406 206 454 ut
226 397 288 454 eius
309 396 427 454 obiecta
447 395 585 471 propria,
617 413 685 453 cum
713 395 890 455 certitudine
917 407 949 455 ut
977 398 1027 456 ob

34 482 139 543 iective
161 502 239 544 vera
259 494 327 544 sunt
347 484 530 544 admittenda
553 480 594 560 (p.
619 504 673 558 13²
696 496 726 544 et
750 479 826 559 133).

91 573 275 647 Facultates,
290 592 368 649 quae
382 574 428 632 his
442 573 562 650 organis
576 584 761 647 exercentur,
781 575 919 634 dicuntur
932 594 1028 635 sennes

33 662 156 733 externi,
182 674 214 721 et
235 663 355 723 obiecta
376 681 488 736 eorum,
509 664 633 721 sensilia.

91 752 240 828 Quinque
262 754 351 829 vulgo
372 762 564 812 numerantur
585 770 687 812 sensus
713 753 843 826 externi,
871 756 949 813 etius
975 754 1029 813 sci·

33 842 106 913 licet,
130 843 261 913 auditus,
279 851 389 917 gasmi,
412 843 555 911 odoratus,
577 848 674 900 tactus.

90 930 222 991 Seem'lia
241 944 341 992 autem
361 932 495 992 videmus
517 932 590 990 nihil
611 932 692 991 aliud
720 949 784 991 esse
813 933 869 992 nisi
896 934 1029 1009 proprie·

35 1032 112 1093 tates,
135 1024 295 1097 qualitates
316 1022 428 1082 scilicet
449 1024 624 1098 corporales:
647 1022 781 1080 colorem
802 1040 828 1081 e.
850 1041 889 1098 g,
911 1040 1026 1095 sonum,

37 1130 172 1187 sapores,
199 1112 325 1185 odoreS,
346 1113 407 1170 vim
427 1111 599 1182 resistendi,
621 1112 873 1187 magnitudinem,
904 1123 1027 1183 motum,

38 1200 87 1257 alia
107 1201 296 1273 huiusmodi,
319 1220 397 1277 quae
418 1203 542 1259 exterius
561 1200 593 1259 in
614 1200 791 1277 corporibus
806 1212 960 1277 apparent.
992 1202 1033 1259 Id

39 1296 139 1359 autem,
166 1291 251 1365 quod
267 1292 351 1365 quasi
368 1292 448 1348 intra
469 1299 567 1365 corpus
587 1291 679 1347 latens
698 1290 743 1348 leis
762 1291 946 1366 qualitatihes
968 1292 1028 1348 ned

39 1386 88 1435 slat
107 1373 309 1455 (substantia),
331 1387 364 1437 ut
383 1397 481 1437 earum
495 1381 670 1456 principium
691 1374 832 1455 (natura),
854 1380 978 1438 sensibus
998 1382 1028 1438 in

38 1486 61 1523 se
78 1468 139 1543 ipso
161 1469 346 1527 nullomodo
367 1475 494 1543 apparet.

92 1557 155 1615 Sed
180 1558 338 1633 qualitates
360 1557 427 1616 illae
449 1575 615 1632 corporeae
635 1576 700 1616 non
720 1576 826 1617 omnes
842 1558 881 1616 ab
895 1575 1029 1633 unoquo·

37 1664 90 1719 que
111 1666 209 1705 sensu
230 1647 503 1723 apprehenduntur.
533 1647 582 1705 Ad
597 1646 731 1706 diversos
745 1646 826 1706 enim
840 1657 922 1707 actus
936 1658 1029 1706 atten-

38 1736 140 1795 dentes
162 1734 317 1795 videmus:

96 1845 120 1884 1.
144 1828 224 1886 Esse
246 1826 372 1897 obiecta,
395 1825 434 1885 ad
448 1843 525 1902 quae
539 1825 799 1902 apprehendenda
814 1826 951 1902 specialis
966 1827 1029 1904 qui·

38 1915 104 1973 dam
125 1933 234 1975 sensus
255 1917 392 1974 exclusive
412 1923 452 1974 est
471 1924 565 1985 natus,
588 1927 618 1975 et
639 1934 715 1992 quae
737 1917 864 1993 proinde
885 1917 982 1993 primo
999 1929 1029 1976 et

38 2022 88 2079 per
108 2024 141 2064 se
166 2005 442 2081 apprehenduntur.
485 2007 572 2064 Haec
602 2005 721 2064 obiecta
748 2006 885 2065 dicuntur
914 2009 1029 2065 seruilia

34 2097 163 2169 propria.
209 2094 259 2154 Sic
279 2096 363 2153 color
384 2106 428 2154 est
449 2094 600 2154 obiectum
621 2094 776 2171 proprium
802 2096 897 2171 visus3
927 2115 1027 2169 sonus,

39 2183 192 2242 obiectum
212 2185 366 2260 proprium
387 2184 511 2256 auditus,
534 2194 590 2243 etc.

97 2295 123 2331 2.
155 2275 232 2332 Esse
253 2273 371 2332 obiecta
393 2273 465 2344 alia,
497 2291 574 2350 quae
603 2293 658 2349 per
685 2292 716 2332 se
745 2273 867 2349 quidem
894 2276 1029 2334 sensibus

40 2363 311 2438 apprehenduntur,
333 2383 390 2421 nen
404 2371 497 2421 autem
504 2365 611 2439 prime,
633 2363 684 2420 sed
700 2382 761 2420 cum
780 2365 880 2422 obiecto
895 2367 1027 2441 proprio,

39 2459 64 2507 et
81 2453 131 2509 ille
152 2453 265 2528 quidem
285 2453 432 2522 mediante,
454 2451 494 2510 ita
515 2463 546 2510 ut
566 2452 699 2527 pluribus
720 2453 854 2512 sensibus
875 2453 961 2512 simul
980 2473 1029 2530 ap·

40 2540 188 2614 prehendi
209 2540 337 2616 possint,
367 2558 466 2617 neque
488 2540 546 2599 sint
566 2541 617 2599 tali
637 2542 685 2600 vel
706 2541 757 2599 tali
778 2542 876 2601 sensui
897 2545 1027 2618 propria.

39 2631 117 2688 Talis
131 2641 194 2690 est:
217 2630 400 2706 magnitudo,
419 2649 567 2702 numerus
583 2632 685 2706 figura,
701 2642 806 2702 motuS,
823 2631 915 2706 quies.
941 2633 1028 2690 Haec

40 2719 157 2778 obiecta
180 2720 317 2779 dicuntur
337 2721 453 2778 sensilia
473 2722 635 2778 communia.

98 2828 126 2883 3.
149 2808 292 2885 Denique
313 2810 498 2884 experientia
519 2809 626 2868 scimus
647 2809 726 2882 fieri,
755 2820 786 2868 ut
807 2811 913 2869 sensile
936 2810 1029 2886 quod-

42 2896 108 2956 dam
129 2898 182 2956 tali
203 2898 325 2975 speciali
345 2898 443 2959 sensui
458 2899 621 2975 proprium,
644 2898 835 2958 dulcedinem
849 2918 875 2958 e.
891 2919 928 2976 g,
951 2919 1028 2975 quae

43 2997 82 3044 est
103 2987 200 3062 gustui
221 2988 352 3064 propria,
375 2989 434 3047 alio
455 3006 552 3059 sensu,
575 3007 600 3047 e.
616 3007 644 3063 g.
666 2987 738 3058 visu,
761 2989 950 3065 percipiatur,
973 3010 1029 3048 non

46 3077 148 3148 quidem
164 3086 221 3153 per
240 3095 277 3146 se,
298 3079 350 3136 sed
360 3086 418 3153 per
437 3079 567 3136 obiectum
587 3077 653 3134 huic
672 3079 726 3135 alii
743 3080 838 3136 sensui
850 3073 945 3155 (visui)
961 3089 1028 3156 pre

42 3167 143 3237 paam,
166 3165 237 3242 quia
257 3185 326 3225 cum
346 3167 412 3242 ipso
433 3167 471 3226 de
493 3166 572 3225 facto
594 3166 785 3225 coniunctum
806 3168 845 3226 ab
863 3168 929 3244 ipso
944 3170 1029 3243 quasi

47 3271 63 3309 a
80 3254 165 3330 signo
187 3265 219 3313 ut
239 3273 381 3331 praesens
402 3255 616 3314 manifestatur.
658 3255 708 3311 Sic
728 3255 794 3312 selis
814 3265 891 3312 videt
910 3257 955 3311 lac
974 3273 1030 3311 esse

47 3342 125 3402 dulce.
160 3344 235 3403 Tale
258 3344 365 3402 sensile
386 3343 493 3402 dicitur
513 3343 613 3400 semile
627 3351 684 3417 per
703 3342 834 3398 accidens.
870 3342 920 3398 Sic
940 3341 1029 3398 etiam
