2350 3700
135 112 186 172 276
508 123 546 159 na
566 119 744 159 caracortrs.

132 270 335 346 assumpsisset
361 280 497 329 naturam
525 270 691 345 angelicam
719 271 767 328 vel
794 280 930 328 naturam
958 270 1106 327 humanam
1145 267 1147 365 l

32 424 33 433 ,
132 360 255 436 propria
284 358 494 435 personalitate
529 358 588 416 iam
623 360 748 417 fruente.
801 358 894 432 Quod
928 370 1027 418 autem
1055 374 1107 415 cor·
1145 369 1147 412 t

132 448 276 524 mmpitur
295 449 343 507 vel
364 449 536 519 destruitur,
559 448 652 505 altero
673 459 825 521 manente,
846 459 890 507 est
911 448 1023 523 aliquid
1043 446 1110 522 posi·

132 538 232 608 tivum,
254 537 370 596 realiter
392 536 561 596 distinctum
575 538 615 595 ab
636 552 681 609 eo,
704 556 723 595 a
743 556 804 612 quo
820 556 876 613 per
897 538 1110 613 corruptionem

132 628 179 686 vel
200 626 431 686 destructionem
453 636 606 701 separamr
617 627 634 685 ¹.

192 716 365 775 Notandum
395 726 495 773 tamen
525 716 709 791 suppositum
738 716 787 774 vel
816 734 978 792 personam
1008 714 1114 792 duplici

133 824 219 865 sensu
241 804 337 879 accipi
357 819 461 880 posse:

193 888 220 969 a)
250 896 473 969 Saepenumero
493 893 573 952 enim
597 893 784 967 significatur
804 905 836 952 ut
854 894 919 970 ipsa
932 894 1060 953 essentia
1077 894 1114 951 in·
1145 963 1147 970 ,

132 983 261 1056 dividua,
286 993 431 1058 quatenus
452 982 562 1041 exsistit
582 982 614 1039 in
635 1000 667 1041 se
688 994 717 1040 et
738 994 783 1041 est
803 983 847 1041 sui
867 983 945 1042 iuris.
989 984 1113 1057 Quando
1145 1041 1146 1044 ,

131 1092 190 1131 vox
211 1071 354 1148 suppositi
375 1071 434 1130 hoc
455 1089 543 1131 sensu
565 1072 701 1142 sumitur,
732 1071 812 1130 valet
832 1074 1051 1144 controversia,
1078 1072 1112 1129 de
1145 1065 1146 1074 ’

134 1181 193 1237 qua
214 1180 311 1237 supra.

192 1247 223 1325 b)
248 1250 454 1309 Communiter
473 1266 545 1308 vero
567 1249 752 1324 suppositum
773 1251 955 1325 significatur
975 1261 1008 1308 ut
1028 1261 1112 1309 totum

132 1340 245 1398 habens
276 1338 433 1398 essentiam
462 1349 491 1397 et
518 1356 569 1410 ea,
602 1356 679 1413 quae
707 1339 945 1414 superadduntur
975 1340 1112 1399 essentiae

133 1425 199 1504 (hae
227 1428 429 1487 dimensiones
457 1446 482 1487 e.
505 1446 550 1503 g,
579 1428 655 1486 haec
683 1428 793 1486 albedo
814 1424 892 1502 etc).
935 1428 1006 1501 Quo
1033 1447 1114 1489 sensu

132 1529 288 1594 acceptum
319 1516 502 1593 suppositum
529 1519 588 1575 sine
608 1518 666 1574 ulle
690 1518 772 1575 dubia
797 1520 914 1576 realiter
934 1519 1115 1594 distinguitur

133 1609 171 1666 ab
201 1608 328 1666 essentia
355 1606 508 1665 individua
541 1608 589 1665 vel
621 1616 739 1677 natura,
775 1606 850 1665 sicut
879 1617 973 1666 totum
1004 1609 1117 1666 realiter
1145 1643 1146 1646 =

134 1696 320 1772 distinguitur
340 1716 358 1753 a
379 1706 462 1771 parte
473 1697 492 1753 ².
1145 1707 1146 1714 ¹

193 1798 230 1854 ΙΙ.
247 1796 293 1854 Ex
313 1794 420 1870 quibus
441 1795 578 1853 omnibus
593 1794 742 1870 conspicis
755 1795 908 1853 hominem
923 1797 987 1854 sola
1006 1796 1117 1854 ratione

135 1903 318 1960 cognoscere
347 1885 468 1960 quidem
498 1899 586 1959 posse
607 1885 791 1959 suppositum
819 1894 849 1942 et
868 1886 1119 1961 personalitatem,

127 1975 286 2051 perfectum
313 1983 414 2032 tamen
441 1974 546 2031 harum
572 1991 672 2031 rerum
700 1983 879 2050 conceptum
906 1991 943 2031 ex
964 1974 1015 2046 iis,
1044 1993 1121 2050 quae
1145 1992 1147 2047 r

133 2064 206 2122 fides
234 2064 336 2134 docet,
368 2062 423 2120 sibi
454 2064 620 2122 efformare.
670 2063 771 2136 Quare
799 2063 949 2139 perfectus
977 2064 1120 2139 suppositi
1145 2080 1147 2153 p

135 2162 297 2228 conceptus
319 2152 425 2210 dicitur
446 2153 559 2220 nzixtus,
581 2152 600 2210 i.
623 2170 648 2210 e.
671 2152 778 2227 partim
799 2170 836 2210 ex
857 2152 989 2225 ratione,
1015 2154 1119 2229 partim
1145 2160 1146 2195 l

136 2260 171 2300 ex
193 2241 374 2300 revelatione
396 2242 563 2316 acceptus⁸.

195 2342 246 2398 HI.
278 2342 415 2415 Apparet
438 2339 528 2398 etiam
548 2357 584 2398 ex
605 2339 708 2410 dictis,
733 2357 824 2414 quam
844 2339 968 2416 inepte⁴
995 2343 1120 2399 sentiant

135 2428 185 2503 qui
207 2448 275 2486 cum
297 2428 445 2499 Cartesi0,
468 2428 589 2500 Kantio,
613 2427 676 2485 aliis
697 2446 733 2486 ex
754 2427 906 2486 hodiernis
926 2429 1120 2505 philosophis,
1145 2458 1146 2461 ¹

137 2536 296 2593 personam
324 2519 487 2575 conscientie
507 2519 615 2575 actuali
631 2527 766 2576 constitui
793 2528 906 2593 putant.
949 2520 1021 2577 Hoc
1043 2519 1121 2578 enim
1145 2530 1146 2593 j

137 2617 166 2666 et
187 2605 392 2683 philosophice
414 2616 444 2664 et
464 2606 634 2682 theologice
662 2606 767 2664 falsum
795 2624 874 2678 esse,
906 2624 942 2664 ex
964 2607 1015 2679 iis,
1045 2627 1121 2682 quae

135 2714 224 2771 supra
245 2695 468 2765 declaravimus,
490 2697 566 2753 ultro
589 2695 699 2753 defluit.

198 2904 205 2934 ¹
225 2904 264 2954 cf.
283 2904 371 2966 Lepidi
388 2904 404 2953 l.
426 2920 446 2953 c.
466 2921 491 2968 p.
514 2913 571 2966 195,
593 2912 644 2953 not.
666 2914 688 2966 5.
1145 2842 1147 2949 i

196 2980 207 3014 ²
226 2983 264 3032 Cf.
285 2985 311 3032 S.
334 2984 428 3042 Thom,
449 2983 473 3032 S.
494 2983 572 3032 theol.
593 2983 639 3043 III,
660 3001 684 3047 q.
705 2997 729 3045 2,
749 3001 771 3032 a.
792 2997 815 3033 2.

196 3058 206 3089 ³
226 3061 264 3108 Cf.
284 3062 373 3119 Frick,
393 3062 479 3110 Ontol.
500 3079 524 3125 p.
547 3073 606 3122 127.

195 3135 206 3164 ⁴
228 3138 373 3200 «Quidquid
393 3140 490 3187 dicatur
507 3140 539 3188 de
551 3141 672 3204 potentiis
685 3143 790 3203 animae,
810 3152 895 3192 tamen
908 3143 993 3192 nullus
1005 3160 1117 3209 umquam

136 3211 259 3272 opinetur,
279 3214 328 3260 nisi
347 3215 457 3275 insanus,
477 3219 546 3281 quod
565 3219 667 3269 habitus
686 3230 712 3270 et
727 3230 798 3271 aetus
817 3224 917 3272 animae
935 3225 986 3272 sint
1004 3224 1060 3290 ipsa
1070 3224 1117 3272 eius

137 3288 257 3333 essentia»
276 3287 314 3349 (S.
333 3292 424 3350 Ttom,
445 3296 547 3355 Quaest.
562 3299 627 3361 disp.
647 3317 671 3362 q.
689 3313 699 3347 1
719 3302 751 3348 de
770 3303 829 3365 spir.
849 3312 926 3352 creat.
946 3321 969 3352 a.
986 3317 1016 3353 11
1038 3306 1071 3353 ad
1085 3304 1114 3365 1).
