2350 3700
149 167 201 219 274
526 170 565 206 nr.
584 168 761 207 caraeonns

148 318 294 393 theologis
316 328 345 376 et
365 318 550 394 philosophis
571 318 701 377 sentiunt
729 317 952 376 distinctionem
975 316 1051 374 illam
1068 333 1117 372 non

148 424 213 466 esse
231 407 288 465 nisi
309 407 432 465 rationis
452 407 655 465 ratiocinatae.

208 496 309 554 Primo
344 496 424 554 enim
459 496 678 555 subsistentiam
712 496 744 553 in
774 496 875 570 aliquo
906 496 1035 568 negatzbo
1065 510 1121 551 con·

148 585 236 643 tineri
249 585 443 657 contendunt,
459 585 490 643 in
505 584 676 643 exclusione
691 585 804 643 scilicet
819 584 1040 642 communionis
1051 583 1121 640 unius

148 674 328 733 substantiae
350 692 418 733 cum
438 674 505 732 alia.
546 674 636 733 Cuius
657 674 701 732 rei
729 674 807 732 hanc
829 674 957 731 afferunt
977 673 1122 731 rationem:

149 764 318 822 Substantia
338 764 484 822 rationem
505 763 651 839 suppositi
671 763 798 838 acquirit
818 780 856 821 eo
877 762 960 838 ipso,
991 760 1070 837 quod
1088 777 1123 817 ex·

149 852 275 911 cluditur
302 870 320 909 a
349 852 561 910 communione
591 851 774 911 substantiva
808 870 860 909 sua
889 869 958 909 cum
989 850 1045 908 alia
1072 850 1124 907 sub·

149 941 270 1012 stantia,
307 951 337 999 et
366 951 486 1013 contra,
517 941 735 999 subsistentiam
766 959 848 999 suam
878 940 996 1016 penitus
1025 938 1124 1008 amittit,

149 1032 173 1089 si
203 1031 309 1089 modus
339 1031 388 1089 ille
418 1030 597 1089 subsistendi
627 1030 786 1106 separatim
816 1046 1052 1113 a'quocumque
1077 1027 1126 1084 alio

149 1120 286 1178 aufertur.
323 1120 372 1177 Sic
387 1137 412 1178 e.
428 1138 456 1195 g.
478 1138 584 1178 manus
604 1137 681 1191 mea,
703 1119 774 1177 dum
795 1120 827 1176 in
848 1118 1059 1176 communione
1072 1116 1126 1175 sub·

150 1209 275 1267 stantiva
296 1226 365 1266 mea
385 1208 511 1280 exsistit,
538 1208 757 1268 subsistentiam
785 1208 937 1283 propriam
957 1206 1125 1275 nonhabet,

149 1298 203 1356 sed
223 1308 268 1356 est
287 1315 356 1356 mea
369 1316 482 1368 manus,
504 1298 536 1356 in
556 1316 606 1357 me
626 1297 763 1368 subsistit,
785 1296 858 1354 mihi
879 1306 1037 1372 operatur,
1056 1293 1127 1369 quod

150 1387 174 1445 si
195 1397 386 1462 separatura
407 1404 534 1462 corpore
555 1404 592 1443 ex
611 1387 672 1444 sola
696 1386 750 1443 hac
768 1387 963 1461 separatione,
992 1386 1058 1460 quin
1075 1383 1128 1440 alla

150 1476 276 1533 addatur
308 1495 382 1534 aava
410 1477 541 1545 realitas,
572 1475 700 1551 acquirit
728 1475 946 1533 subsistentiam
976 1473 1126 1549 propriam.

151 1566 232 1640 Ergo
262 1564 293 1621 in
320 1564 412 1623 modo
441 1564 601 1623 exsistendi
629 1564 788 1640 separatim
816 1582 834 1621 a
861 1580 1052 1638 quocumque
1078 1562 1129 1618 alio

150 1654 225 1711 ratio
246 1654 378 1712 formalis
405 1654 549 1729 suppositi
576 1662 640 1712 tota
659 1662 703 1711 est
731 1653 793 1711 sita.
836 1653 925 1711 Haec
945 1662 1045 1711 autem
1065 1650 1131 1707 ratio

151 1752 196 1801 est
216 1741 328 1817 aliquid
348 1743 488 1818 negativi.
517 1744 600 1818 Ergo
615 1742 803 1800 subsistentia
817 1751 861 1801 est
875 1741 989 1816 aliquid
1002 1738 1132 1815 negativi.

211 1832 271 1892 Sed
294 1863 330 1872 -
352 1832 395 1892 sic
409 1831 623 1891 ratiocinando
645 1842 832 1908 pergunt-
855 1829 895 1890 «si
918 1830 995 1890 ratio
1011 1827 1133 1890 fonnalis

151 1922 294 1998 suppositi
315 1922 390 1980 nihil
403 1923 596 1997 perfectionis
618 1921 708 1980 addat
722 1921 761 1978 ad
775 1931 919 1993 naturam,
942 1921 1022 1979 etin
1043 1920 1134 1994 aliquo

150 2011 290 2087 negativo
305 2012 499 2083 contineatur,
521 2021 624 2087 aperte
644 2011 716 2070 inde
733 2011 864 2085 sequitur
879 2028 946 2068 eam
960 2011 1001 2068 ab
1017 2009 1135 2068 essentia

151 2101 304 2159 individua
324 2119 387 2159 non
407 2119 496 2177 posse
517 2100 658 2176 distingui
679 2101 813 2174 realiter3
834 2117 897 2158 non
919 2099 1001 2158 enim
1023 2097 1136 2173 negatio

151 2190 195 2248 rei
209 2189 248 2247 ab
263 2207 309 2261 e0,
332 2189 370 2248 de
385 2208 446 2264 quo
460 2189 575 2261 dicittu,
599 2189 717 2248 realiter
731 2189 871 2264 distingui
885 2198 1002 2265 potest3
1023 2187 1135 2262 negatio

152 2278 264 2354 quippe
285 2277 329 2336 rei
349 2297 413 2337 non
435 2288 479 2337 est
499 2295 556 2350 res,
578 2278 632 2336 sed
653 2278 744 2335 nihil»
761 2279 778 2336 ¹.

213 2386 239 2425 2.
273 2368 433 2425 Thamara
452 2385 540 2438 veru,
568 2367 610 2426 illi
638 2367 813 2442 praesertim
841 2367 892 2442 qui
920 2367 1133 2426 distinctionem

152 2455 310 2514 admittunt
335 2458 446 2515 realem
469 2457 546 2515 inter
569 2457 728 2515 essentiam
756 2465 786 2514 et
814 2455 1019 2515 exsistentiam
1028 2456 1049 2527 ¹,
1075 2471 1134 2512 con·

152 2545 278 2604 tendunt
308 2545 386 2604 inter
413 2545 572 2604 essentiam
593 2545 778 2606 individuam
807 2555 836 2604 et
864 2545 1053 2620 suppositum
1079 2560 1135 2602 esse

152 2634 373 2694 distinctionem
394 2636 515 2706 realem,
537 2635 678 2710 illamque
700 2635 805 2693 saltem
826 2633 974 2692 minorem
999 2628 1040 2710 (p.
1066 2627 1134 2705 248).

152 2884 270 2933 magnam
294 2884 344 2932 qua
368 2867 497 2934 praeditus
523 2877 577 2918 erat
596 2869 686 2918 mentis
705 2868 870 2918 subtilitatem
899 2867 1007 2916 «doctor
1029 2865 1133 2916 subulis·

152 2948 235 2998 dictus
253 2958 300 2998 est.
326 2948 398 3013 Opus
417 2949 471 2997 eius
486 2950 650 3014 praecipuum
666 2949 754 3014 «Opus
767 2949 926 2998 Oxoniense»
947 2957 1009 2996 sunt
1022 2961 1136 2998 commen·

154 3027 216 3077 turia
240 3029 267 3077 in
293 3027 438 3078 Sententiae
462 3029 609 3079 Lombardi.
649 3030 734 3095 Opera
754 3045 816 3078 vero
841 3029 893 3078 eius
915 3027 1003 3076 omnia
1026 3039 1059 3090 13
1078 3026 1135 3075 volu·

153 3108 264 3157 minibus
277 3107 303 3156 in
315 3108 359 3157 fol.
373 3109 575 3173 complectuntur
588 3106 634 3173 (ct'.
647 3110 739 3169 Bm‘a'ck,
759 3107 1029 3173 Kirchengeschichte
1043 3103 1061 3171 ξ
1076 3101 1133 3166 [40).

153 3187 204 3248 Qui
223 3189 363 3237 doctrinam
381 3189 434 3237 eius
452 3197 685 3254 propugnaverunt,
706 3188 824 3238 scotistae
842 3189 875 3237 ab
894 3189 948 3236 eius
968 3187 1076 3238 nomine
1087 3195 1133 3235 suut

153 3267 281 3328 appellati.
391 3266 400 3297 ¹
418 3268 511 3330 Lepidi,
533 3267 614 3317 Elem.
634 3269 696 3333 phil.
715 3268 801 3318 christ.
820 3270 852 3328 ΙΙ,
876 3280 932 3328 192.

215 3339 226 3371 ²
244 3343 283 3390 Cf.
303 3358 379 3405 supra
396 3361 422 3407 p.
443 3357 502 3405 237.
