2350 3700
144 101 198 162 238
449 113 488 148 un
507 113 570 148 rusa
589 112 720 148 annona
740 112 834 149 nuxis,

204 253 237 333 b)
258 260 398 318 Secunda
419 261 495 317 ratio
516 260 680 318 desumitur
699 277 736 318 ex
757 260 928 318 conexione
950 260 1051 334 logica
1068 261 1134 316 ven'-

143 350 211 408 tatis
237 350 324 406 huius
351 349 550 407 distinctionis
577 367 646 407 curn
674 349 825 406 nonnullis
846 349 1022 406 veritatibus
1049 348 1135 423 philo

143 438 268 512 sophiae
297 437 493 496 scholasticae
522 437 803 496 fundamentalibus.
855 437 944 510 Quae
978 437 1047 495 talis
1076 449 1136 494 sunt

143 537 282 595 naturae,
303 537 351 596 ut,
372 537 483 601 negata
502 527 560 584 hac
581 526 780 596 distinctione,
802 527 852 584 vel
872 527 956 584 nullo
978 525 1075 584 modo
1094 527 1138 583 vel

143 616 235 672 multo
256 614 405 672 difficilius
425 615 619 690 explicentru.
662 614 712 672 Sic
733 615 828 672 enim:

203 699 233 777 a)
260 704 378 778 Negata
398 705 456 761 hac
475 705 549 762 reali
570 704 771 784 distinctione,
794 703 885 761 thesis
904 704 1089 762 scholastica
1104 703 1138 761 de

141 793 253 850 unione
268 793 452 850 substantiali
465 793 609 851 materiae
626 803 655 850 et
667 793 782 850 formae
793 793 969 867 generatim,
985 803 1018 850 et
1028 794 1140 868 specia-

143 883 195 939 tim
209 882 299 939 thesis
309 882 348 940 de
361 883 475 940 unione
487 883 606 940 animae
621 893 652 940 et
665 883 801 957 corporis
814 883 846 938 in
860 882 983 940 homine
994 881 1139 957 explicari

143 990 205 1028 non
224 981 357 1045 possunt.
392 972 428 1028 In
442 970 564 1028 homine
579 971 661 1028 enim
681 988 714 1027 re
734 970 792 1028 alia
806 981 851 1028 est
865 970 994 1028 essentia
1010 971 1138 1039 animae,

143 1060 210 1130 aha,
232 1060 361 1118 essentia
375 1060 512 1134 corporis
527 1060 575 1117 vel
592 1060 743 1118 materiae.
776 1061 870 1117 Porro
890 1059 915 1116 si
935 1077 968 1117 re
989 1059 1078 1118 idem
1098 1071 1138 1116 est

143 1149 272 1206 essentia
292 1158 322 1206 et
344 1149 530 1218 exsistentia,
559 1147 637 1207 duae
666 1160 753 1206 erunt
779 1148 810 1205 in
838 1147 960 1206 homine
988 1149 1137 1206 realitates

143 1238 317 1295 exsistentes
344 1238 479 1312 singulae
506 1237 677 1296 exsistentia
703 1237 835 1313 propria.
883 1237 943 1294 Sed
972 1238 1053 1296 inter
1080 1239 1137 1295 duo

143 1325 238 1397 entia,
269 1345 347 1401 quae
368 1327 522 1402 propriam
543 1326 659 1401 singula
686 1327 799 1384 habent
826 1326 1047 1398 exsistentiam,
1078 1345 1138 1384 non

144 1426 243 1490 potest
269 1415 390 1490 concipi
418 1416 490 1473 unio
513 1415 572 1473 alia
593 1435 629 1473 ac
650 1415 852 1473 accidentalis.
895 1416 1020 1472 Revera
1041 1427 1140 1473 tamen

143 1504 221 1562 inter
241 1504 372 1562 animam
400 1515 430 1562 et
456 1504 611 1562 materiam
640 1503 808 1562 scholastici
833 1522 940 1562 omnes
963 1507 1141 1579 profitentur

144 1593 287 1651 unionem
311 1593 542 1651 substantialem.

220 1677 247 1756 β)
275 1682 325 1739 Sic
351 1683 441 1740 etiam
468 1682 573 1740 melius
594 1683 762 1758 concipitur
789 1681 879 1740 thesis
900 1682 940 1740 de
964 1683 1144 1740 distinctione

139 1771 316 1844 facultatum
335 1773 367 1828 in
385 1773 496 1828 kantiae
516 1772 552 1828 ab
572 1773 706 1840 essentia,
735 1771 807 1830 item
834 1771 941 1829 melius
972 1772 1145 1847 concipitur

144 1862 278 1920 inhaesio
298 1861 498 1919 accidentium
522 1861 752 1933 insubstantia,
781 1860 886 1919 melius
908 1872 937 1919 et
961 1862 1079 1920 clarius
1101 1881 1145 1937 ap·

144 1962 229 2025 paret
249 1951 400 2009 distinctio
427 1950 504 2008 inter
532 1950 692 2009 essentiam
719 1950 867 2021 divinam,
897 1951 984 2009 cuius
1013 1952 1145 2009 essentia

144 2047 186 2097 est
205 2040 359 2111 exsistere,
382 2050 411 2097 et
433 2040 592 2098 essentiam
613 2052 823 2112 creaturarum,
846 2058 923 2114 quae
944 2042 1057 2115 recipit
1076 2039 1144 2099 exsi-

144 2130 289 2201 stentiam,
312 2141 368 2187 etc.

204 2214 232 2292 c)
253 2218 355 2276 Tertia
375 2217 508 2293 denique
530 2218 605 2275 ratio
626 2217 789 2276 desumitur
810 2235 846 2275 ex
867 2219 1029 2292 theologia
1052 2238 1142 2277 sacra.

142 2306 232 2366 Haec
245 2306 325 2365 enim
340 2306 430 2365 thesis
443 2307 538 2382 magis
555 2307 635 2365 iuvat
649 2306 688 2364 ad
703 2324 821 2366 sensum
835 2308 1064 2365 nonnullorum
1079 2309 1146 2382 dog·

144 2406 254 2453 matum
275 2396 427 2471 religionis
447 2397 613 2454 catholicae
635 2396 740 2454 melius
760 2395 1002 2471 intellegendum
1015 2398 1036 2456 ¹.

144 2579 214 2626 avoir
233 2579 264 2626 de
283 2579 431 2628 distinction
450 2580 528 2627 reelle
546 2586 616 2627 entre
635 2577 704 2627 l'une
723 2588 748 2627 et
766 2578 870 2637 l’autre;
896 2578 962 2627 mais
985 2579 1003 2627 il
1034 2597 1072 2629 ne
1098 2582 1136 2628 fau

143 2676 189 2723 pas
208 2660 289 2723 grand
309 2660 383 2707 effort
401 2658 589 2724 d’intelligence
609 2676 674 2723 pour
692 2660 749 2708 voir
766 2674 814 2723 que
828 2667 893 2708 cette
906 2660 1062 2722 pretendue
1077 2676 1145 2723 syrio

144 2741 226 2804 nymie
245 2749 283 2788 est
302 2748 356 2788 tout
372 2740 438 2803 juste
457 2756 486 2788 ce
505 2740 547 2804 qui
566 2748 606 2787 est
624 2755 656 2787 en
676 2740 799 2804 question.
825 2737 995 2803 L’obJ'ection
1015 2750 1061 2790 est
1083 2744 1145 2789 douc

143 2830 276 2884 purement
294 2829 319 2868 et
338 2820 499 2883 simplement
516 2836 566 2872 une
593 2820 701 2884 petition
726 2820 759 2869 de
783 2819 911 2885 principe»
936 2815 1074 2882 (Mercier
1092 2822 1141 2871 lt„

143 2918 168 2965 p·
189 2897 243 2962 4²)-

205 2979 213 3009 ¹
236 2980 291 3028 «Un
311 2980 435 3029 troisieme
454 2987 601 3044 argument,
622 2978 723 3029 d’ordre
742 2979 921 3044 theologique,
948 2989 1017 3043 peut
1039 2998 1071 3029 se
1092 2991 1135 3029 tua·

143 3060 175 3104 de
193 3057 403 3120 l'interpretation
422 3060 456 3107 du
475 3060 569 3123 dogme
589 3061 732 3124 catholique
752 3060 784 3108 de
802 3060 995 3108 l’Incarnation.
1038 3062 1066 3110 Il
1092 3080 1109 3127 y
1131 3075 1143 3109 tt

143 3150 175 3180 en
184 3134 352 3194 Jesus-Christ
371 3137 436 3183 deux
455 3148 563 3198 natures,
583 3140 646 3187 mais
666 3140 682 3186 il
701 3138 743 3201 n'y
762 3156 777 3185 a
795 3138 889 3203 qu'une
907 3140 981 3189 seule
1002 3157 1143 3205 personne¹

144 3209 277 3256 Commeat
290 3228 316 3257 se
329 3216 420 3262 rendre
433 3226 533 3279 compte
547 3217 581 3264 du
594 3234 652 3266 sens
665 3220 697 3266 de
711 3234 740 3267 ce
753 3220 878 3283 mystere?
903 3218 980 3267 Nous
996 3236 1033 3269 ne
1048 3236 1142 3285 voyons

145 3284 236 3344 qu’une
256 3288 445 3349 interpretation
472 3297 514 3357 qui
540 3313 556 3358 y
582 3298 716 3358 reussisse,
743 3298 806 3347 c’est
831 3300 895 3347 celle
921 3298 954 3346 de
978 3299 1061 3349 Saint
1083 3302 1141 3349 Tho
