2350 3700
363 177 402 213 nn
420 177 483 213 msa
501 176 689 214 enoaartonn.
969 163 1018 224 189

43 323 149 400 speciei.
177 326 226 382 Ex
247 325 305 383 hac
325 335 409 400 parte
430 324 511 383 enim
531 333 706 399 argumenta
720 321 890 382 dividuntur
904 322 934 380 in
949 341 1020 399 apo·

43 413 138 471 dictica
164 424 194 472 et
223 414 390 472 dialectica.
433 416 650 489 Argumentum
678 412 879 488 apodicticum
904 413 952 472 vel
976 413 1020 470 de-

41 504 247 561 noratratiaam
268 498 495 578 (demonstratio
511 504 542 560 in
556 521 645 561 sensu
658 497 729 576 lato)
744 511 789 560 est
803 513 1018 577 argumentum,

41 593 110 649 ciuus
128 591 315 667 praemissae
343 602 373 650 et
400 591 552 651 conclusio
579 602 648 650 sunt
668 602 785 664 certae3
813 599 1020 666 argumentum

39 699 99 738 vero
124 681 301 739 dralectienm
328 681 399 740 illud
427 690 487 752 est,
516 699 577 755 quo
605 699 642 740 ex
666 690 791 755 utraque
812 681 860 738 vel
881 681 1020 738 alterutra

38 771 188 844 praemissa
210 770 363 846 probabili
384 769 538 829 conclusio
559 767 723 844 probabilis
744 769 862 828 eruitur.

320 970 341 1006 1.
365 959 407 1007 'De
424 960 577 1021 argumentis
595 957 730 1007 dialecticis.

87 1079 247 1139 Potissima
270 1091 444 1156 argumenta
463 1080 622 1139 dialectica
650 1088 718 1138 sunt
738 1088 945 1154 argumentum
966 1097 1020 1153 per

42 1169 198 1243 analogiam
222 1181 254 1228 et
275 1181 481 1244 argumentum
501 1187 557 1244 per
577 1168 775 1245 hypothesim.

27 1255 28 1291 l
86 1259 121 1314 A.
143 1257 198 1315 De
219 1266 387 1332 argumento
400 1267 458 1335 per
477 1259 647 1331 analogiam.
670 1287 709 1296 -—
731 1259 946 1332 Argumentum
965 1275 1019 1333 per

28 1347 190 1419 *analogiam
212 1347 287 1406 illud
314 1359 370 1418 est,
397 1366 458 1423 quo
483 1366 570 1404 unum
597 1347 634 1404 ab
660 1347 718 1404 alia
746 1346 877 1419 infertur
898 1353 1020 1423 propter

27 1436 244 1495 tsinilr'tadinem
264 1439 340 1494 inter
358 1455 392 1494 aa
411 1438 594 1494 exsistentem.
630 1435 780 1511 Analogia
801 1454 827 1494 e.
849 1453 877 1510 g.
901 1445 1020 1493 utuntur

29 1514 135 1590 lnedici
162 1525 198 1583 in
223 1525 395 1601 pathologia
423 1525 462 1584 ad
483 1526 656 1584 morborum
684 1542 787 1583 causas
815 1523 1019 1583 inveniendas.

40 1615 74 1669 Ex
92 1613 242 1673 similibus
263 1614 342 1672 enim
363 1614 547 1683 diversorum
569 1614 742 1672 morborum
770 1613 848 1671 notis
868 1631 931 1670 non
952 1632 1020 1671 raro

42 1703 217 1762 concludunt
236 1705 276 1762 ad
296 1714 431 1762 naturam
452 1704 626 1761 morborum
647 1703 764 1761 illorum
785 1701 913 1760 eandem
926 1703 942 1760 ¹.
971 1701 1021 1760 Ni-

41 1792 98 1849 titur
116 1792 165 1853 ille
188 1792 420 1869 argumentandi
441 1791 547 1852 modus
568 1792 627 1850 hoc
654 1792 829 1869 praesertim
856 1790 1020 1867 principio:

45 1881 118 1954 Quod
142 1886 173 1940 in
207 1902 264 1940 arta
292 1883 425 1940 similatam
453 1884 544 1951 valet,
575 1883 652 1941 valet
679 1884 764 1939 etiam
793 1884 824 1939 in
853 1883 963 1951 ceteris,
995 1888 1023 1938 et

42 1973 89 2027 aire
105 1990 202 2029 versa.

90 2060 241 2135 Analogia
250 2060 281 2117 in
291 2060 420 2119 scientiis
430 2060 507 2118 viam
519 2060 623 2118 sternit
633 2060 672 2118 ad
682 2058 888 2119 inductionem
898 2069 1018 2119 certam.

41 2148 117 2207 Ratio
137 2160 257 2221 autem,
286 2159 519 2225 propterquam
541 2159 748 2225 argumentum
776 2167 830 2224 per
851 2148 1020 2224 analogiam

41 2255 92 2294 non
105 2238 161 2297 nisi
175 2238 419 2314 probabilitatem
436 2239 529 2309 affert,
552 2237 583 2295 in
597 2238 774 2313 imperfecta
788 2237 831 2296 rei
846 2239 1021 2296 observatae

43 2327 205 2400 cognitione
225 2327 368 2386 consistit.
397 2329 443 2386 Ex
463 2344 501 2385 eo
522 2326 604 2385 enim
625 2326 708 2402 quod
729 2345 755 2386 e.
777 2345 805 2402 g.
829 2327 952 2385 effectus
973 2326 1021 2383 ali-

42 2416 111 2474 cuius
130 2417 272 2493 quasdam
292 2427 378 2475 notas
406 2416 528 2475 easdem
556 2434 620 2475 esse
650 2416 844 2491 cognovimus
872 2435 908 2474 ac
935 2426 1021 2473 notas

94 2634 102 2664 ¹
122 2637 182 2687 «On
201 2645 328 2698 constate,
355 2632 464 2685 alcide
483 2637 528 2685 des
547 2636 681 2686 methodes
700 2637 732 2684 de
752 2637 926 2685 concordance
945 2635 1022 2684 etde

44 2715 186 2778 difference,
212 2732 262 2781 que
281 2715 305 2765 le
324 2716 428 2766 cholera
446 2734 461 2764 a
479 2733 543 2781 pour
561 2732 638 2765 cause
659 2716 781 2765 naturelle
807 2715 909 2765 l'action
934 2716 1022 2780 patho-

43 2796 98 2857 g'ene
115 2797 177 2846 d'un
196 2796 288 2846 bacille
307 2796 366 2845 bien
385 2812 484 2856 connu;
504 2796 567 2847 c’est
583 2813 634 2845 une
652 2797 777 2845 inductien
790 2804 950 2861 proprement
962 2796 1020 2844 dite.

43 2874 74 2923 La
89 2878 170 2927 raison
190 2877 341 2942 explicative
360 2878 394 2925 du
413 2877 516 2927 cholera
534 2885 573 2927 est
592 2893 691 2927 connue
710 2876 786 2925 d'une
809 2878 883 2937 sagon
909 2878 1020 2926 certaine.

44 2979 71 2987 -
87 2958 160 3008 Voici
180 2974 230 3007 une
250 2966 319 3007 autre
338 2958 460 3018 maledie,
480 2958 504 3007 le
523 2974 623 3017 cancer,
643 2974 689 3022 par
708 2956 838 3021 exemple,
858 2957 921 3006 dont
939 2957 963 3005 la
981 2972 1021 3004 na-

44 3042 88 3086 ture
105 3048 143 3087 est
162 3038 245 3087 moins
264 3053 370 3087 connue.
397 3037 453 3086 Elle
472 3039 591 3103 presente
610 3038 692 3086 divers
711 3035 865 3102 symptomes
884 3037 1022 3102 analogues

47 3109 128 3167 'aceux
147 3119 192 3167 des
211 3117 334 3167 maladies
353 3132 550 3183 connuespour
571 3119 642 3166 avoir
667 3133 716 3166 une
742 3117 841 3182 origine
866 3116 1021 3166 infectieuse.

47 3194 79 3243 On
94 3198 222 3262 presume,
242 3198 305 3246 mais
323 3214 381 3246 sans
399 3199 508 3263 pouvoir
525 3197 635 3247 l'e'tablir
653 3197 905 3263 peremptoirement‚
931 3213 979 3262 que
998 3196 1022 3245 le

47 3290 124 3327 cancer
140 3287 178 3328 est
198 3279 232 3327 dt
251 3278 317 3326 aussi
336 3275 351 3326 ὲ
369 3294 419 3327 une
438 3279 559 3328 inlection
577 3278 761 3327 microbienne.
800 3277 873 3326 Cette
894 3278 1022 3341 presomp-

48 3356 91 3404 tion
108 3368 145 3407 est
162 3374 211 3408 une
229 3358 378 3407 conclusion
395 3360 554 3423 analagr'que»
578 3356 705 3418 (Merene,
726 3357 841 3421 Imgique
859 3374 884 3420 p.
907 3355 978 3417 189).
