2350 3700
268 174 306 210 DE
326 174 434 234 Mum
454 174 639 211 FORMALITER
659 173 867 211 CONSIDERATO.
1007 173 1058 223 393

130 326 153 381 l.
175 324 230 381 Est
250 323 511 398 complicattsnmus.
556 322 692 396 «Nempe
720 322 759 381 ad
788 338 856 379 eurn
884 322 1061 379 constituen-

67 412 141 470 dum
169 430 224 470 suo
251 413 321 471 loco
349 421 380 470 et
407 429 460 469 suo
488 410 580 469 modo
609 420 791 469 concurmnt
818 408 991 469 innumerae
1014 426 1061 467 res

69 519 186 576 eaeque
217 518 343 575 genere,
374 499 492 576 specie,
522 498 757 559 individualitate
787 497 1002 557 diversissimae
1031 507 1062 556 et

2 595 3 598 ’
69 588 338 649 numerosissimae.
387 590 455 648 Hae
484 607 556 648 vero
585 606 634 647 res
670 588 843 647 innumerae
881 587 1062 646 constituunt

70 793 131 832 sunt
149 798 199 831 nec
217 800 232 831 a
250 784 326 831 nobis
345 793 477 848 negantur.
515 783 574 831 Hoc
593 798 670 831 unum
688 782 721 830 ab
741 782 797 847 ipso
815 782 891 831 nobis
916 789 955 831 est
979 790 1061 831 osten-

71 862 200 913 dendum:
226 863 320 913 factum
339 863 402 912 illud
420 864 454 912 ab
472 863 591 912 omnibus
617 863 754 913 admissum
779 863 888 926 probare
914 870 984 910 certo
1010 878 1062 911 non

71 959 129 992 esse
146 943 309 1009 teleologiam
327 944 353 992 in
367 952 470 992 natura:
489 943 559 1007 quod
574 959 627 991 non
641 943 739 1007 probat,
760 944 805 991 sed
818 941 932 1001 affirmat,
953 958 1061 991 errorem

2 1017 3 1030 ¹
72 1040 145 1072 suurn
162 1023 289 1088 analogiis
307 1023 471 1087 ineptissimis
490 1023 615 1072 colorans.

133 1113 212 1162 Certo
231 1113 312 1171 enim,
331 1112 353 1161 si
372 1113 441 1178 quis,
468 1122 496 1161 ut
514 1129 592 1161 unum
610 1111 684 1161 feriat
702 1112 828 1177 leporem,
856 1111 981 1161 milliones
1001 1111 1062 1159 selo·

2 1199 6 1252 ξ
72 1202 190 1257 petorurn
209 1193 370 1257 exploderet,
397 1194 472 1241 stulte
491 1199 591 1257 ageret,
618 1192 689 1257 quia,
714 1201 741 1240 ut
759 1192 808 1241 vile
827 1192 937 1257 acquirat
962 1191 1061 1250 animal,

2 1289 4 1340 ξ
73 1282 168 1321 tantam
188 1274 353 1337 profunderet
372 1273 483 1337 pulveris
501 1281 527 1321 et
545 1272 676 1337 glandium
695 1272 807 1337 copiam,
835 1288 898 1337 quae
925 1272 987 1320 tanti
1005 1287 1063 1319 con-

2 1349 3 1368 ¹
73 1360 158 1414 staret,
179 1360 204 1401 et
223 1353 282 1417 quia
298 1369 348 1401 uno
361 1351 401 1401 vel
415 1353 514 1401 duobus
527 1352 655 1417 sclopetis,
675 1360 790 1401 accurate
804 1352 946 1417 dirigendo,
967 1351 1063 1399 facilius

73 1436 152 1482 feram
170 1441 304 1482 venaretur
322 1449 397 1497 quarn
415 1441 453 1481 tot
472 1433 593 1497 sclopetis
613 1440 706 1481 temere
723 1448 753 1481 ac
770 1433 873 1481 fortuito
886 1430 988 1481 utendo.
1013 1431 1062 1480 Sed

72 1512 261 1562 ostendendum
284 1521 338 1561 erat
355 1513 380 1560 in
406 1528 498 1577 magna
521 1512 564 1560 illa
590 1520 693 1561 naturae
719 1512 871 1561 fecunditate
897 1526 952 1560 esse
978 1527 1064 1575 parem

71 1593 219 1652 stultitiam,
246 1592 341 1657 largam
360 1592 458 1642 scilicet
475 1592 542 1640 illam
567 1592 709 1657 germinum
735 1592 906 1657 profusionem
933 1592 986 1640 fieri
1011 1591 1064 1639 sine

72 1674 170 1723 ratione
196 1672 340 1722 sufficienti.
378 1673 437 1722 Hoc
464 1682 548 1721 autern
566 1672 656 1737 Lange
682 1689 733 1721 non
758 1672 884 1732 ostendit,
914 1672 959 1720 sed
987 1671 1065 1736 gratis

2 1767 4 1776 ‘
72 1753 195 1812 affirmat,
224 1753 302 1817 gratis
328 1754 499 1818 supponendo
524 1762 639 1802 naturam
665 1762 715 1817 tam
740 1753 810 1817 larga
836 1753 932 1801 semina
959 1752 1065 1801 fundere

72 1834 147 1884 unice
165 1842 195 1883 ut
213 1833 313 1898 species
331 1842 521 1896 conserventur,
544 1850 602 1884 cum
620 1833 725 1884 evidens
744 1834 776 1884 sit
796 1834 876 1898 ipsam
895 1832 964 1882 illam
983 1832 1066 1898 prodi-

73 1915 204 1980 galitatem
224 1923 328 1964 naturae
347 1931 403 1963 esse
421 1931 517 1963 summe
536 1913 721 1979 teleologicam.
759 1914 841 1963 Nemo
861 1915 928 1962 enim
947 1922 999 1972 est,
1023 1914 1065 1978 qui

74 2011 126 2044 non
144 1995 247 2054 videat,
270 2003 391 2059 quantum
409 1994 533 2045 illimitata
551 1994 595 2043 illa
613 1995 753 2045 fecunditas
772 1996 804 2043 ad
824 2011 944 2043 summam
964 2003 1066 2042 naturae

72 2075 219 2124 varietatem
246 2083 271 2124 et
296 2074 512 2139 pulchritudinem
535 2076 618 2124 faciat.
656 2073 739 2136 Quam
766 2074 886 2139 pulchrae
912 2082 971 2122 sunt
994 2089 1016 2122 e.
1040 2091 1065 2138 g.

73 2172 154 2204 verno
173 2164 288 2220 ternpore
307 2156 412 2204 arbores
431 2164 532 2204 nostrae
556 2155 661 2204 floribus
680 2155 818 2204 innumeris
832 2155 957 2203 consitae!
983 2153 1066 2216 «Quin

2 2274 3 2289 ,
72 2237 105 2284 ad
131 2235 268 2285 utilitatem
295 2236 383 2283 mundi
408 2235 523 2300 organici
549 2245 608 2284 sunt
633 2234 746 2300 germina
774 2235 830 2294 illa,
859 2251 923 2299 quae
951 2241 1065 2298 pereunt,

74 2332 132 2366 cum
151 2332 185 2364 ex
203 2315 310 2365 aliorum
329 2323 411 2364 morte
429 2324 455 2365 et
474 2316 636 2380 corruptione
655 2315 704 2364 alia
722 2315 820 2374 vivant,
847 2315 916 2364 velut
940 2315 1013 2363 bruta
1037 2331 1066 2363 ex

2 2436 4 2455 ,
74 2396 171 2460 plantis
190 2404 215 2444 et
234 2412 311 2460 saepe
329 2396 455 2445 etiamen
474 2395 530 2444 aliis
547 2395 628 2444 brutis
647 2394 687 2445 vel
713 2411 800 2445 eorum
826 2395 894 2454 ovis,
927 2395 1066 2443 innumera-

74 2476 162 2524 bilium
182 2475 258 2524 etiarn
277 2477 478 2540 organismorum
504 2477 632 2540 corruptio
657 2477 762 2524 humum
787 2485 907 2540 generat;
937 2473 991 2524 sine
1019 2491 1068 2539 qua

2 2580 3 2589 κ
75 2556 182 2605 uberior
199 2556 252 2604 vita
270 2571 327 2605 esse
347 2572 398 2604 non
418 2565 510 2621 potest.
531 2583 564 2592 —
584 2557 672 2620 Lange
692 2556 807 2604 nimirum
833 2555 953 2604 mundum
980 2554 1068 2602 melius

75 2636 257 2685 constituisset.
284 2636 387 2684 Summa
405 2636 510 2685 avaritia
526 2636 622 2684 semina
635 2645 660 2685 et
672 2635 787 2701 germina
799 2635 958 2684 custodisset.
985 2635 1068 2685 Unum

75 2733 153 2765 ovum
173 2716 214 2764 vel
234 2717 285 2764 duo
303 2716 398 2781 gallina
417 2732 464 2780 per
482 2725 560 2765 totam
578 2717 654 2766 vitam
673 2716 821 2781 peperisset.
849 2715 974 2780 Singulari
994 2731 1069 2765 causa

75 2797 140 2846 haec
166 2812 216 2845 ova
241 2796 347 2845 fovisset
371 2804 397 2845 et
422 2795 588 2854 custodisset,
618 2811 650 2846 ne
679 2796 796 2861 iniquitas
822 2796 909 2844 mundi
934 2794 1068 2844 materialis

2 2866 4 2889 ‘
76 2877 154 2925 vitam
174 2885 325 2940 conceptam
344 2885 504 2941 praematura
522 2885 602 2926 morte
630 2875 765 2941 abriperet.
803 2875 904 2925 Plantas
929 2892 1017 2924 omnes
1043 2875 1068 2922 in

76 2955 204 3005 viridariis
224 2957 256 3005 ad
275 2957 302 3004 id
328 2957 480 3005 constructis
503 2957 658 3022 reposuisset
677 2965 702 3005 et
727 2965 852 3021 tamquam
877 2957 960 3005 bonus
985 2955 1069 3004 hortu-

77 3037 151 3086 lanus
177 3053 244 3102 aqua
268 3037 376 3101 rigasset
400 3046 425 3085 et
454 3053 539 3086 curam
566 3037 732 3087 adhibuisset.
770 3037 854 3087 Unum
882 3050 985 3100 pomum
1013 3051 1069 3084 curn

2 3128 3 3159 3
78 3134 130 3167 uno
149 3117 243 3166 nucleo
262 3117 350 3177 malus,
370 3132 445 3164 unam
465 3133 548 3165 rosam
568 3118 649 3166 frutex
668 3117 693 3165 in
709 3117 777 3166 omni
790 3117 841 3164 vita
854 3117 958 3166 tulisset.
986 3115 1069 3164 Omne

78 3198 207 3246 animala
225 3197 351 3246 viridariis
370 3197 523 3256 exsulasset,
553 3211 586 3245 ne
604 3213 729 3261 gemmam
747 3195 907 3246 interficeret.
945 3196 1070 3244 Animalia

78 3279 104 3326 in
122 3277 268 3327 carceribus
287 3278 382 3327 securis
400 3277 545 3326 retinuisset
570 3285 597 3325 et
622 3292 700 3340 aqua,
729 3281 786 3325 aere
812 3284 837 3324 et
862 3275 916 3324 luto
943 3275 1066 3338 pavisset»

79 3355 237 3421 (Hontluim,
258 3357 321 3407 Inst.
341 3357 427 3406 theod.
446 3373 471 3420 p.
495 3353 564 3419 183).
