2350 3700
167 130 217 179 262
541 144 580 181 aa
600 143 778 181 cxaaaonns

164 290 210 349 his
224 289 494 350 modificationibus
511 291 597 367 quasi
621 292 800 363 «substare»,
823 292 919 367 ipsum
933 308 1011 350 vero
1035 290 1067 347 in
1081 292 1152 347 nullo

165 380 224 438 alio
238 379 413 454 subsistere3
435 380 531 439 sentio
546 380 627 439 enim
640 380 713 440 illud
731 399 822 456 «ego»
846 380 887 439 ita
907 398 974 440 esse
997 398 1110 449 meum,
1129 393 1155 437 ut

165 488 228 527 non
249 468 285 527 sit
305 468 387 527 alius.
430 468 501 527 Non
521 469 591 528 dico
620 488 646 527 e.
668 486 712 545 g.:
742 487 800 545 ego
821 471 915 541 Petri,
946 469 1037 544 quasi
1064 486 1157 526 meum

169 575 260 633 «ego»
278 557 447 617 inhaereret
461 559 558 630 Petro,
574 559 628 618 sed
643 558 738 617 sentio
753 577 801 618 me
816 558 957 617 exsistere
972 558 1006 616 in
1022 576 1076 617 me
1089 557 1156 633 ipso.

226 649 301 705 Item
322 648 496 723 experientia
516 655 636 705 externa
657 648 810 707 evidenter
824 649 911 707 nobis
928 658 1065 724 apparet
1085 656 1157 705 extra

166 754 222 795 nos
244 754 308 795 esse
329 754 385 807 res,
407 746 439 793 ut
460 739 544 795 color
566 754 635 812 eg.
658 738 706 795 vel
727 737 901 812 magnitudo
922 739 971 795 vel
993 736 1156 795 formavel

166 844 271 901 sapor,
301 844 378 900 quae
400 844 546 900 nusquam
568 827 740 885 naturaliter
760 836 827 885 sunt
847 826 903 884 nisi
928 825 961 883 in
982 826 1065 895 alio,
1095 826 1158 883 alias

166 933 239 973 vero
253 914 299 973 his
313 915 455 985 substare,
477 914 518 973 ita
538 926 570 973 ut
591 916 672 991 ipsae
694 915 834 975 exsistant
854 915 886 972 in
907 934 938 973 se
960 915 1045 991 ipsis.
1083 914 1160 988 Quas

167 1002 288 1077 quidem
309 1021 357 1062 res
378 1002 409 1061 in
430 1003 494 1063 aliis
520 1004 693 1063 exsistentes
721 1004 855 1063 videmus
882 1004 1028 1075 transire,
1060 1005 1161 1063 venire

166 1103 197 1151 et
218 1091 369 1162 recedere,
391 1110 456 1151 rem
476 1110 548 1151 vero
572 1093 754 1153 substantem
774 1093 955 1169 percipimus
976 1093 1116 1152 eandem
1133 1094 1160 1149 in

166 1201 218 1240 sua
245 1191 351 1239 natura
380 1199 566 1256 permanere.
618 1184 680 1241 Res
715 1183 778 1241 illas
805 1193 990 1241 transeuntes
1020 1183 1089 1241 aliis
1118 1184 1161 1239 tri·

167 1270 296 1340 buimus,
327 1269 368 1328 ita
395 1281 426 1328 ut
453 1271 587 1330 dicamus
616 1272 699 1331 color
727 1271 855 1343 arboris,
887 1272 997 1331 albedo
1028 1272 1160 1347 parietis,

167 1377 213 1418 res
234 1377 306 1418 vero
328 1360 493 1419 substantes
514 1378 677 1435 numquam
699 1360 763 1419 aliis
784 1360 947 1433 tribuimuS,
970 1371 1001 1419 ut
1023 1360 1099 1437 ipsis
1123 1362 1162 1416 in·

167 1449 333 1507 haerentes.

227 1539 291 1595 Iam
311 1556 384 1597 vero
404 1556 465 1610 res,
489 1556 566 1614 quae
587 1538 630 1597 sic
652 1539 759 1597 eadem
780 1549 938 1615 permanet
958 1540 1013 1598 sub
1036 1538 1162 1597 diversis

167 1626 213 1685 his
234 1625 512 1699 modificationibus,
533 1628 607 1685 nihil
628 1628 708 1687 aliud
725 1638 769 1686 est
783 1628 838 1687 nisi
853 1626 991 1699 essentia,
1015 1628 1079 1686 alio
1095 1624 1162 1687 coni

168 1726 257 1792 cepta
271 1717 358 1775 nobis
372 1716 568 1776 manifestata.
591 1720 691 1793 Ipsam
706 1718 786 1776 enim
801 1717 854 1776 sub
869 1718 928 1777 hoc
942 1727 1091 1794 respectu
1104 1690 1162 1864 nod

167 1804 353 1882 concipimus
374 1816 405 1864 ut
419 1825 473 1866 ens
487 1806 623 1882 fundans
636 1804 666 1863 τὸ
682 1824 737 1865 esse
750 1809 802 1877 rei,
824 1807 878 1867 sed
892 1816 924 1866 ut
937 1808 1138 1866 sustentacula

168 1897 215 1955 vel
243 1895 407 1955 subiectum
437 1895 618 1955 inhaesionis
645 1897 760 1955 illarum
782 1897 1051 1956 modificationum.
1100 1896 1161 1954 Alie

169 1985 297 2060 proinde
328 1985 456 2044 termino
485 1986 634 2045 diversum
665 1986 798 2046 eiusdem
828 1986 870 2044 rei
901 1997 1094 2062 conceptum
1127 2005 1161 2048 ext

169 2074 336 2150 primimus‚
367 2075 408 2132 ita
437 2085 469 2133 ut
496 2078 641 2133 essentiam
662 2077 865 2134 consideratam
892 2083 925 2132 ut
950 2077 1111 2134 subiectum
1133 2065 1161 2131 i*

168 2163 308 2221 haesianis
334 2165 569 2239 modificationem
596 2183 737 2224 vocemus
764 2165 966 2235 substantiam
996 2167 1080 2241 ipsas
1105 2184 1156 2223 aer

169 2254 384 2328 rrmdi'ticattanes
403 2254 451 2311 ael
468 2256 597 2311 entitates
610 2256 655 2311 rei
666 2256 889 2330 supervenientes
903 2248 975 2328 (sive
992 2264 1027 2312 ut
1041 2253 1151 2330 propri

172 2341 233 2400 sive
247 2353 279 2400 ut
292 2341 461 2401 accidentia
479 2338 713 2418 praedicabilia),
735 2344 925 2401 consideratas
940 2350 973 2400 at
987 2345 1154 2401 naturalia

173 2431 227 2488 alii
244 2431 431 2501 inhaerentes,
452 2433 637 2507 appellamus
658 2434 809 2490 accidentia
829 2431 1134 2508 praedicamentalia.

297 2614 314 2681 ξ
334 2630 357 2667 2.
391 2620 434 2668 De
453 2620 615 2670 definitione
635 2621 810 2670 substantiae
830 2628 858 2670 et
877 2620 1045 2670 accidentis.

491 2752 511 2800 l.
538 2753 657 2817 Dafnitio
675 2755 830 2804 substantiae.
1138 2667 1160 2962 χ]

232 2876 306 2932 Vera
334 2876 459 2951 definitio
489 2877 659 2934 declaratur.
685 2908 724 2916 -
753 2876 920 2936 Substantia
947 2895 965 2934 a
995 2877 1140 2936 scholasti

175 2963 373 3022 communiter
393 2964 539 3036 definitur,
561 2977 593 3024 ut
614 2965 664 3024 sit:
686 2984 746 3034 res,
770 2968 845 3024 enias
864 2966 1020 3041 qm'a'ditati
1042 2967 1159 3042 competi

173 3070 229 3109 esse
254 3054 285 3109 in
312 3070 340 3110 se
367 3055 445 3129 ipsa,
474 3073 531 3111 non
557 3062 651 3112 autem
681 3057 712 3112 in
732 3056 789 3112 alia
810 3062 952 3129 tartaream
980 3056 1013 3112 in
1039 3057 1159 3114 achmete

173 3140 303 3199 Dicitur:
1158 3137 1159 3198 J

233 3241 309 3295 cums
335 3241 488 3312 quidditati
513 3244 640 3315 conpetit
664 3259 720 3298 esse
749 3243 779 3299 in
807 3259 835 3299 se
861 3243 939 3316 ipsa,
970 3259 1036 3300 non
1067 3255 1136 3302 aute

174 3323 204 3377 in
225 3324 298 3391 alio,
327 3325 345 3380 i.
368 3344 392 3382 e.
422 3344 484 3383 non
505 3327 630 3385 dicimus
658 3330 850 3386 substantiam
872 3346 937 3387 esse
961 3348 1048 3398 ase,
1084 3329 1157 3405 qua'

1055 3691 1061 3693 ,
1145 3559 1158 3694 l
