2350 3700
134 82 182 131 142
512 78 742 117 cntulrktonocln.

192 249 217 287 2.
247 227 421 287 Idealismus
448 228 597 287 obiectantes
623 228 676 285 has
698 227 994 303 repraesentationes
1022 243 1044 281 a
1062 222 1120 279 Dee
1153 242 1155 247 ·

130 317 301 376 immediate
322 317 354 375 in
375 316 476 375 animo
497 327 601 375 nostro
622 316 749 392 produci
776 316 942 375 contendit.
987 316 1037 371 Ita
1057 314 1123 369 Ber·
1153 334 1155 367 1

129 407 206 481 keley
220 408 235 465 ¹.
259 406 449 465 Conveniunt
462 405 591 481 proinde
605 405 758 464 ideaiistae
772 405 804 463 in
818 423 866 477 eo,
886 405 971 480 quod
987 400 1124 461 exsisten·
1152 473 1154 476 Υ

129 495 202 553 tiam
224 513 384 571 corporum
404 505 524 570 negant,
546 494 689 554 differunt
702 512 774 553 vero
788 493 926 553 diversae
941 511 1053 553 eorum
1067 510 1126 549 sen·
1152 483 1155 548 i

131 584 241 643 tentiae
267 584 301 641 in
328 585 437 657 mod0,
467 602 527 659 quo
555 584 786 659 productionem
813 582 1126 659 repraesentationum
1153 603 1154 628 ι

133 672 284 733 sensilium
305 673 463 750 explicant.

191 764 228 821 ΙΙ.
251 772 393 821 tdealiami
411 772 549 821 refutatio.
587 764 624 820 In
644 762 800 821 idealismo
821 762 981 821 refutando
1004 779 1074 819 non
1087 770 1129 817 est

133 870 185 911 cur
206 862 322 927 tempus
343 862 486 911 teramus:
509 852 571 911 eius
593 851 675 911 enim
696 851 834 910 doctrina
854 852 954 910 sensui
970 848 1129 909 communi
1153 861 1155 936 t

131 951 192 999 tam
213 951 316 1017 aperte
338 941 524 1012 contradicit,
546 952 578 999 ut
598 959 689 1000 nemo
710 942 755 1011 sit,
778 940 830 1016 qui
848 940 981 999 absurdit
970 949 1054 998 tates
1068 938 1129 996 eius
1153 941 1155 950 '

132 1029 220 1088 facile
240 1047 303 1088 non
324 1031 453 1106 detegat.
496 1030 561 1089 Sint
582 1048 655 1106 ergo
676 1030 752 1088 haec
773 1029 919 1088 breviter:

195 1140 219 1178 1.
246 1119 437 1191 Idealismus,
467 1137 658 1196 quocumque
685 1118 779 1177 modo
801 1120 974 1194 exponitur,
1004 1118 1132 1177 evadenti

135 1208 338 1268 conscientiae
359 1209 530 1267 testimonio
552 1209 732 1267 adversatur

193 1298 306 1355 Contra
325 1298 425 1355 Ficlzte
445 1298 540 1369 enim,
572 1298 676 1356 intime
697 1307 726 1355 et
747 1298 827 1355 clare
853 1296 996 1355 sentimus
1028 1313 1127 1355 sensa·
1153 1369 1155 1372 Ι

132 1387 229 1445 tiones
249 1406 312 1445 non
334 1386 468 1463 pendere
489 1388 578 1445 unice
599 1406 618 1444 a
638 1387 738 1458 nobis,
767 1385 822 1444 sed
843 1386 924 1462 ipsas
944 1406 964 1443 a
983 1387 1067 1444 nobis
1087 1403 1126 1441 re-

132 1477 188 1551 cipi
195 1498 204 1533 :
225 1476 255 1533 in
270 1476 368 1535 multis
382 1476 523 1534 sentimus
538 1495 594 1535 nos
608 1494 673 1534 esse
688 1476 836 1551 passivos;
858 1475 1030 1551 experimur
1045 1474 1126 1533 enim

133 1582 188 1623 nos
210 1566 393 1623 sensationes
414 1584 504 1641 saepe
525 1566 647 1636 habere,
670 1564 793 1640 quando
814 1566 969 1637 nolumuS,
990 1582 1057 1622 non
1078 1565 1127 1620 ha·

135 1654 207 1712 bere
229 1673 246 1712 e
268 1664 373 1712 contra
394 1672 493 1731 saepe,
516 1655 639 1729 quando
660 1653 788 1712 maxime
810 1672 860 1711 eas
881 1655 1029 1713 volumus,
1153 1643 1155 1712 i

194 1743 307 1802 Contra
321 1744 468 1819 Berkeley,
491 1744 646 1804 evidenter
667 1744 836 1819 experimur
857 1743 1048 1803 sensationes
1070 1758 1127 1817 ope

133 1852 314 1909 organorum
335 1832 367 1891 in
388 1834 475 1892 nobis
497 1834 592 1909 effici3
620 1832 658 1892 de
679 1832 799 1892 actione
821 1832 879 1892 Dei
898 1832 1079 1892 immediata
1098 1831 1126 1888 in

132 1922 219 1980 nobis
240 1922 313 1980 nihii
335 1923 458 1980 omnino
481 1922 667 1982 conscientia
687 1922 787 1981 refert.

194 2032 219 2069 2.
250 2012 425 2070 Idealismus
453 2013 537 2086 logice
566 2013 674 2070 indunt
700 2014 896 2089 scepticismum
926 2013 1126 2078 universalem,

133 2099 203 2174 quia
224 2100 347 2160 destruit
363 2101 560 2177 aptitudinem
574 2101 681 2160 mentis
696 2101 736 2159 ad
749 2119 852 2160 verum
867 2101 1125 2177 cognoscendum.
1153 2179 1155 2190 Ι

132 2307 203 2355 nicht
223 2322 271 2356 nur
286 2307 345 2370 jede
358 2309 406 2356 Art
423 2324 474 2357 von
487 2307 654 2374 Mitwirkung
672 2310 718 2358 der
730 2309 816 2374 Dinge
834 2309 877 2358 bei
897 2309 943 2357 der
961 2309 1127 2367 Erkenntuis

132 2387 243 2434 sondern
263 2386 360 2452 spricht
379 2388 519 2437 denselben
538 2389 604 2437 auch
624 2390 669 2438 das
681 2390 776 2438 Dasein
795 2388 835 2438 ab.
861 2389 916 2437 Das
928 2405 1011 2454 ganze
1023 2388 1129 2440 Weitall

132 2453 1155 2535 iwmmssmfflmwwmmmmzmffl'

132 2546 178 2596 Ich
198 2547 244 2609 ist,
271 2549 324 2596 und
343 2549 486 2614 dasjenige,
515 2566 566 2599 was
592 2551 639 2600 wir
662 2553 702 2599 fur
726 2550 809 2599 ausser
833 2566 881 2598 uns
899 2549 1022 2615 liegende
1041 2551 1129 2615 Dinge

133 2628 226 2688 halten,
247 2629 280 2676 ist
298 2629 340 2678 die
359 2628 448 2694 eigene
468 2629 753 2694 Selbstbeschrainkung
771 2631 817 2678 des
835 2630 889 2679 Ich.
927 2631 982 2679 Aus
1003 2631 1067 2679 dem
1088 2631 1128 2681 Ich

131 2708 1128 2776 fflmeWmmeffimwmmmmm

133 2789 217 2854 tigen,
243 2790 432 2839 ideaiistischen
451 2790 514 2840 Stile
532 2792 628 2840 wieder
645 2792 781 2840 aufbauen.
818 2791 882 2839 Dies
900 2791 1023 2840 versucht
1048 2809 1081 2840 er
1107 2795 1128 2840 in

132 2869 215 2918 seiner
234 2870 519 2932 ,Wissenschaftslehre‘
535 2910 540 2920 .
555 2910 561 2921 .
576 2891 598 2920 ,ι
621 2869 744 2936 (Lehmen
762 2873 778 2920 i.
799 2889 820 2921 c.
840 2889 866 2936 p.
889 2868 962 2935 170).

196 2949 204 2980 ¹
227 2951 334 3016 «Georg
348 2951 473 3016 Berkeley
493 2949 714 3016 (1684-1753),
741 2953 783 3000 ein
801 2951 918 3001 lrlfinder
942 2967 994 3001 von
1019 2951 1128 3011 Geburt
1153 2982 1154 3023 ι

133 3030 254 3080 studierte
267 3031 410 3098 Theologie
428 3050 458 3081 zu
471 3031 577 3094 Dublin,
598 3033 699 3082 machte
717 3036 803 3097 spater
814 3032 871 3081 eine
883 3031 1039 3096 vierjiihrige
1051 3033 1129 3082 Reise
1153 3050 1155 3087 ι

133 3111 215 3160 durch
227 3111 331 3178 Europa
349 3113 402 3160 und
415 3113 502 3162 wurde
514 3113 617 3162 endlich
630 3112 835 3179 anglikanischer
846 3112 956 3162 Bischoi
964 3129 1018 3161 von
1028 3113 1129 3178 Cloyne

133 3192 159 3239 in
188 3192 297 3251 irland»,
321 3190 428 3254 (Stir'ckl,
460 3193 598 3242 Lehrbuch
630 3193 676 3242 der
703 3193 858 3242 Geschichte
885 3193 931 3241 der
958 3193 1128 3258 Philosophia

133 3271 166 3328 II,
195 3267 266 3330 135).
