2350 3700
151 144 203 193 288
526 156 564 192 ua
584 155 763 192 cnrnoonns.

208 304 328 361 Relatio
343 302 514 373 essentialia,
536 303 710 378 praesertim
725 319 797 360 vero
812 300 1009 360 accidentalis
1030 310 1074 357 est
1091 299 1130 355 vel

150 401 323 451 non-mutua
343 392 391 450 vel
412 401 520 450 mutua.
738 466 742 475 ‚

210 476 237 556 a)
252 481 372 539 Relatio
393 488 558 538 non-mutua
584 482 633 539 vel
653 484 745 538 mixta
773 499 808 539 ea
836 490 894 550 est,
924 497 1000 554 quae
1027 481 1059 535 in
1085 500 1136 534 uno

149 577 261 628 tantum
282 578 406 628 extremo
419 571 508 627 realis
520 576 569 639 cst,
592 580 735 645 quatenus
750 569 979 627 fundamentum
994 567 1080 625 huius
1099 585 1136 623 re·

149 659 267 717 lationis
296 659 328 716 in
358 677 418 717 uno
447 669 563 717 tantum
593 677 630 717 ex
659 660 776 718 dnobus
806 656 945 717 extremis
977 658 1061 717 reale
1090 667 1136 713 est.

149 748 231 806 Talis
252 758 296 807 est
316 748 437 818 relati0,
468 766 545 823 quae
573 748 684 807 exsistit
704 748 781 807 inter
805 746 958 822 cognitum
980 756 1012 804 et
1034 762 1137 819 cogno

150 847 291 909 scentem,
307 837 385 897 inter
394 840 493 896 Deum
508 848 674 897 creatorem
689 848 719 896 et
733 846 906 895 creaturam.
936 838 972 893 In
988 835 1137 893 creatione

150 926 230 985 enim
258 937 288 985 et
315 926 486 1001 cognitione
514 929 662 985 mtrimece
682 927 829 984 mutatur¹
850 925 973 1001 quidem
1005 934 1138 983 creatura

150 1025 180 1074 et
200 1034 403 1091 cognoscens,
431 1017 514 1075 nullo
535 1017 627 1075 modo
649 1026 747 1075 antem
768 1018 850 1074 Deus
870 1016 917 1073 vel
938 1033 988 1073 res
1010 1014 1137 1089 cognita.

149 1106 282 1164 Realiter
296 1105 423 1181 proinde
433 1107 558 1164 refertur
572 1123 760 1181 cognoscens
775 1103 814 1162 ad
824 1104 985 1179 cognitum,
1003 1113 1139 1161 creatura

150 1195 189 1253 ad
210 1206 393 1269 creatorem,
420 1196 518 1270 logice
538 1213 611 1253 vero
638 1204 752 1253 tantum
781 1194 932 1269 cognitum
961 1192 1000 1250 ad
1029 1210 1140 1267 cogno·

150 1294 292 1354 scentem,
315 1295 344 1342 et
365 1294 482 1343 creator
502 1284 541 1342 ad
562 1293 736 1343 creaturam.

210 1368 241 1447 bl
257 1373 375 1432 Relatio
389 1381 488 1430 mutua
508 1392 545 1431 ea
558 1383 611 1443 est,
633 1375 749 1447 quaein
769 1380 887 1447 utroque
907 1379 1032 1429 extremo
1052 1371 1138 1426 reala

149 1470 196 1519 est.
219 1464 254 1519 In
268 1462 434 1522 huiusmodi
451 1462 651 1533 relationibus,
668 1461 692 1520 si
704 1462 743 1520 ad
753 1461 953 1521 accidentales
963 1460 1138 1535 praesertim

149 1551 337 1624 attendimus,
358 1570 421 1610 non
442 1552 537 1610 solum
556 1562 688 1610 extrema
702 1561 770 1609 sunt
782 1551 901 1609 realiter
915 1549 1063 1620 distincta,
1086 1548 1138 1607 sed

150 1642 182 1698 in
201 1651 328 1715 utroque
342 1652 475 1699 extremo
490 1642 717 1699 fimdamentum
731 1650 775 1698 est
789 1639 902 1715 aliquid
917 1639 1063 1698 essentiae
1078 1656 1139 1695 rea·

149 1729 216 1788 liter
230 1729 453 1805 superadditum
462 1731 481 1788 ¹.
510 1732 615 1788 Mutua
632 1740 677 1788 est
690 1747 715 1787 e.
731 1748 759 1805 g.
775 1730 887 1800 relati0,
911 1746 988 1804 quae
1002 1738 1049 1787 est
1063 1729 1140 1786 inter

150 1829 265 1894 patrem
280 1830 309 1879 et
323 1819 423 1891 filium,
438 1829 468 1878 et
482 1818 647 1894 generatim
661 1819 774 1890 relati0,
790 1835 867 1894 quae
881 1817 1026 1876 interum
1035 1827 1139 1876 natura

150 1920 194 1967 est
207 1909 284 1967 inter
298 1928 417 1968 causam
432 1919 463 1967 et
476 1910 624 1967 effectum.
653 1908 852 1968 Productione
867 1907 949 1966 enim
963 1918 992 1965 et
1006 1925 1099 1966 causa
1113 1917 1140 1965 et

149 1998 272 2056 effectus
287 1999 449 2056 mutatione
464 1998 625 2057 intrinseca
642 2015 747 2056 revera
767 1997 941 2068 afficiuntur,
964 1997 1005 2053 ita
1026 2006 1060 2053 ut
1082 2014 1140 2053 rea·

148 2086 214 2144 liter
235 2087 312 2144 duae
333 2085 431 2145 adsint
444 2085 619 2144 relationes:
641 2085 746 2144 relatio
768 2104 793 2144 e.
809 2105 837 2161 g.
859 2084 1048 2161 paternitatis
1065 2084 1140 2142 inter

148 2186 264 2249 patrem
279 2184 309 2233 et
322 2176 422 2246 filium,
445 2186 475 2234 et
491 2175 596 2234 relatio
610 2174 758 2233 filiationis
772 2175 848 2233 inter
862 2173 953 2231 filium
969 2185 999 2232 et
1013 2183 1138 2249 patrem.

209 2264 328 2322 Relatio
349 2274 448 2322 mutua
476 2263 541 2340 ipsa
561 2275 606 2322 est
629 2265 677 2334 yel
699 2263 941 2340 aequiperantiae
963 2263 1011 2321 vel
1033 2261 1139 2337 disqui-

147 2353 316 2428 perantiae:

209 2443 312 2501 relatio
333 2453 434 2501 mutua
452 2445 680 2519 aequiparantias
701 2443 799 2515 adest,
822 2440 939 2516 quoties
959 2440 991 2498 in
1012 2450 1138 2514 utroque

149 2542 282 2590 extremo
304 2532 529 2591 fundamentum
550 2542 595 2590 est
615 2532 740 2606 aequale,
763 2533 780 2589 i.
797 2549 822 2589 e.
845 2530 979 2589 eiusdem
1001 2530 1139 2591 rationis:

149 2621 243 2695 qualis
258 2631 302 2679 est
315 2622 420 2680 relatio
435 2621 627 2696 aequalitatis,
650 2639 727 2695 quae
743 2632 786 2678 est
805 2620 881 2678 inter
896 2620 969 2678 duas
984 2620 1139 2678 columnas

149 2710 282 2768 eiusdem
303 2709 516 2783 dimensionis,

212 2861 220 2890 ¹
240 2862 278 2911 Cf.
299 2879 376 2926 supra
394 2879 420 2926 p.
440 2862 501 2911 226.

209 2939 311 2992 ²Haeo
330 2942 363 2992 de
381 2941 503 2990 relatione
522 2947 603 2990 creata
622 2939 770 2990 accidentali
794 2955 853 2990 vera
878 2948 950 2999 sunt,
977 2956 1032 2988 non
1058 2949 1136 2988 autem

149 3020 182 3068 de
200 3022 364 3070 relationibus
382 3022 481 3080 mutuis,
501 3021 610 3085 quaein
629 3020 686 3068 Deo
705 3020 830 3069 increatae
849 3026 916 3070 sunt.
947 3021 1057 3069 Lumine
1076 3021 1136 3069 enim

149 3102 257 3150 naturali
276 3103 438 3151 ostendemus
456 3102 482 3149 in
499 3101 557 3149 Deo
577 3100 638 3148 nihil
657 3116 726 3160 esse,
749 3099 818 3166 quod
836 3100 961 3149 essentiae
979 3101 1081 3150 realiter
1099 3101 1136 3148 ad·

149 3182 230 3230 datur.
257 3181 400 3231 Dicendum
419 3182 527 3246 proinde
546 3181 595 3230 erit
613 3181 638 3228 in
651 3181 709 3229 Deo
728 3180 924 3246 generationem,
945 3196 1012 3246 quae
1031 3191 1069 3230 est
1087 3182 1136 3228 fun-

149 3261 294 3307 damentum
311 3261 438 3308 relationis
456 3259 613 3322 paternitatis
631 3259 739 3319 divinae,
760 3261 792 3308 ab
812 3260 919 3308 essentia
938 3259 1026 3309 divina
1040 3261 1135 3309 realiter

150 3352 201 3382 non
220 3336 347 3398 distingui.
