2350 3700
297 92 400 140 208
827 93 1191 139 ONTOLomA.
1266 92 1339 141 Pa
1363 108 1375 137 κ
1391 108 1419 137 ]-.
1431 104 1475 137 τι
1495 113 1503 133 ι
1523 108 1527 137 ι
1551 104 1579 137 ³⁴
1599 104 1643 141 ιμ’
1661 104 1735 141 ΗΞ,

294 251 617 310 dicendum
648 263 791 310 erat.
864 252 1036 324 Quae
1066 251 1272 310 omnia
1300 270 1437 309 curn
1464 251 1787 310 maximam
1815 262 2058 327 partem
2086 262 2257 309 essent

295 340 707 399 immaterialia
736 342 830 400 vel
860 339 1360 416 suprasensibilia,
1390 359 1498 398 usu
1526 342 1745 412 evenit,
1775 351 1840 398 ut
1865 339 2262 417 metaphysica

295 430 594 489 diceretur
651 431 881 488 scientia
933 431 1114 487 omnis
1170 430 1240 486 de
1293 430 1459 487 rebus
1512 432 2082 505 suprasensibilibus‚
2141 440 2265 504 puta

294 519 544 577 scientia
586 520 663 577 de
704 520 859 577 Deo.
932 518 1097 576 Hinc
1135 519 1608 595 metaphysicam
1637 518 1974 578 diviserunt
2016 520 2081 576 in
2106 527 2268 576 meta-

295 608 603 683 physicam
632 609 995 682 generalem,
1027 626 1183 682 quae
1214 608 1291 665 de
1321 607 1651 666 rationibus
1680 609 2108 667 communibus
2136 609 2270 666 entis

295 697 546 766 disserit,
591 708 652 755 et
691 696 1161 771 metaphysicam
1190 696 1534 772 specialem,
1579 716 1736 772 quae
1780 708 1868 756 est
1912 697 2170 756 scientia
2207 696 2272 754 de

296 786 705 844 determinatis
747 785 1105 861 quibusdam
1146 786 1326 844 rebus
1368 785 1871 845 immaterialibus,

418 875 879 934 Recentioribus
919 892 1066 933 vero
1109 875 1497 950 temporibUS,
1541 894 1677 933 cum
1721 875 2065 950 disciplinis
2106 874 2275 948 philo

297 965 557 1040 sophicis
586 966 846 1022 rationes
873 963 1054 1038 ipsius
1081 964 1290 1022 mundi
1320 973 1381 1022 et
1407 963 1666 1021 hominis
1694 963 1946 1022 nonnisi
1976 981 2276 1038 supremae

299 1054 848 1124 considerarentur,
905 1053 1035 1128 ipsa
1091 1053 1465 1128 cosmologia
1519 1070 1766 1111 necnon
1822 1051 2276 1128 anthropologia

299 1142 558 1200 scientiis
601 1142 1022 1218 metaphysicis
1064 1151 1456 1200 annumerata
1498 1153 1604 1214 est,
1648 1142 1730 1200 ita
1758 1152 1825 1199 ut
1862 1142 2031 1200 haec
2073 1141 2186 1199 iam
2211 1141 2274 1199 sit

301 1231 745 1306 metaphysicae
789 1231 1033 1289 divisio:

422 1319 834 1394 Metaphysica
875 1320 1189 1394 generalis,
1233 1321 1329 1378 vel
1371 1320 1696 1395 ontologia.

423 1408 837 1483 Metaphysica
877 1408 1170 1483 specialis,
1215 1426 1370 1483 quae
1414 1408 1699 1467 dividitur
1741 1407 1804 1465 in

504 1497 971 1572 Cosmologiam,

505 1586 1067 1660 Anthropologiam,

508 1674 903 1749 Theologiam
945 1674 1277 1731 naturalem
1318 1675 1414 1732 vel
1451 1675 1893 1733 theodieaeam.

425 1791 500 1847 II.
566 1799 899 1861 Ontologiae
955 1798 1177 1847 divisio.
1278 1789 1494 1848 Tribus
1560 1789 1723 1847 hunc
1778 1800 2118 1849 tractatum
2177 1808 2289 1866 per-

304 1881 597 1939 solvemus
639 1879 818 1938 libris.

424 1986 623 2044 Primo
664 1986 816 2044 libro
858 1984 1051 2059 ipsam
1093 1985 1387 2044 rationem
1431 1985 1583 2043 entis
1625 1985 2105 2045 declarabimus

427 2074 705 2133 Secundo
773 2092 917 2132 vero
987 2074 1065 2131 de
1126 2074 1589 2150 proprietatibus
1649 2075 1802 2133 entis
1864 2076 2305 2134 transcenden*

306 2165 517 2223 talibus
559 2182 756 2223 sermo
798 2163 924 2221 erit.
2304 2237 2305 2241 Ἰ

426 2253 631 2311 Tertio
687 2252 947 2326 denique
1002 2252 1156 2309 libro
1213 2252 1292 2310 de
1349 2252 1664 2327 categoriis
1714 2252 2003 2311 dicemus
2067 2254 2195 2312 sive
2232 2252 2305 2311 dez.

308 2342 499 2400 modis
529 2341 921 2417 generalibUS,
962 2342 1292 2399 secundum
1322 2358 1474 2415 quos
1502 2358 1611 2399 ens
1639 2340 1946 2399 invenitur
1980 2344 2051 2400 in
2085 2353 2250 2401 natur
