2350 3700
447 129 485 163 DE
505 128 591 165 BONO.

87 277 136 331 III.
161 276 285 334 Bonitas
307 275 368 333 sive
389 276 512 352 physica
533 276 595 334 sive
615 274 735 333 moralis
757 286 814 333 est:

90 384 112 420 1.
134 366 198 421 Aut
219 364 384 423 essentialis
404 375 454 423 aut
474 364 675 423 accidentalis

87 453 260 511 Essentialzr
273 464 318 512 est
331 454 449 512 bonitas
463 454 586 513 fundata
600 454 631 511 in
647 453 712 528 ipsa
726 454 768 511 rei
784 453 904 511 entitate
920 470 1016 511 essen·

35 542 95 599 tiali.
136 542 187 599 Sic
209 544 319 613 homo,
350 553 495 618 quatenus
523 553 567 600 est
596 544 702 612 h0m0,
735 543 825 600 habet
852 540 1015 600 bonitatem

37 632 226 689 essentialem.

85 719 278 778 Acadentalis
291 732 335 779 est
348 720 466 779 bonitas
480 720 603 779 fundata
617 719 649 777 in
662 720 706 790 iis,
722 738 798 795 quae
809 720 848 779 ad
859 720 1017 779 essentiam

36 809 111 866 alicui
124 809 170 867 rei
185 809 337 868 accidunt.
367 809 416 867 Sic
429 810 632 886 philosophus,
648 820 793 883 quatenus
807 810 907 881 hom0,
926 809 1018 867 habet

35 898 191 957 bonitatem
213 917 299 957 suam
320 900 523 973 essentialem3
551 910 696 974 quatenus
723 916 795 957 vero
823 898 1017 974 philosophus

28 998 77 1056 cst,
98 988 192 1046 habet
206 988 374 1046 bonitatem
387 988 539 1062 quandam
553 987 771 1047 accidentalem
785 986 1015 1063 superadditam.

28 1153 29 1156 Ἴ
90 1096 114 1135 2.
137 1078 205 1134 Aut
227 1096 376 1153 apparens
396 1088 445 1135 aut
465 1096 545 1135 vera.

87 1166 247 1241 Apparem
267 1167 314 1224 vel
335 1167 407 1224 falsa
428 1176 473 1225 est
495 1166 628 1236 bonitaS‚
658 1184 735 1241 quae
760 1183 863 1224 revera
891 1175 1019 1223 nonest

28 1252 153 1325 ibonitaS,
176 1254 253 1313 licet
272 1255 459 1314 existimetur.
496 1255 544 1313 Sic
565 1273 715 1331 apparens
736 1266 799 1313 erat
820 1254 937 1313 bonitas
958 1272 1019 1312 mo·

36 1344 94 1401 ralis
114 1346 282 1402 multarum
301 1344 526 1419 pharisaeorum
547 1344 706 1403 actionum.

85 1434 161 1489 Vera
182 1434 235 1490 vel
256 1432 343 1491 realis
364 1452 400 1491 ea
421 1444 466 1492 est
486 1434 612 1504 bonitas,
634 1452 712 1509 quae
733 1451 838 1491 revera
859 1432 977 1491 exsistit.

28 1518 29 1526 ’
85 1541 112 1595 3.
134 1522 201 1580 Vel
222 1522 348 1581 honesta
368 1523 416 1580 vel
437 1522 621 1581 delectabilis
642 1524 689 1581 vel
709 1522 795 1581 utilis.

28 1657 29 1682 ἕ
83 1611 225 1668 Honesta
246 1621 290 1669 est
317 1611 392 1669 entis
413 1611 565 1669 cuiusdam
587 1610 774 1670 determinati
799 1630 866 1668 cum
888 1610 1020 1687 appetitu

28 1693 254 1770 loonvenientia,
276 1700 398 1758 fundata
419 1700 450 1757 in
469 1718 516 1771 eo,
539 1701 622 1775 quod
643 1719 697 1776 per
717 1719 748 1759 se
770 1712 905 1759 naturam
925 1699 1020 1775 ipsam

34 1789 162 1862 perficit,
197 1790 259 1845 sine
278 1785 400 1866 respectu
421 1790 463 1846 ad
478 1790 683 1847 delectationem
691 1812 701 1862 ,·
728 1789 845 1848 bonitas
866 1807 892 1847 e.
915 1807 941 1865 g.
965 1790 1021 1864 pri·

35 1897 146 1936 morum
170 1879 390 1936 elementorum
411 1878 587 1954 disciplinae
609 1879 844 1955 philosophicae.

87 1967 279 2025 Delectabilzs
293 1977 337 2026 est
351 1968 426 2026 entis
441 1968 594 2026 cuiusdam
604 1968 791 2027 determinati
807 1987 874 2027 cum
889 1967 1021 2044 appetitu

35 2057 249 2115 convenientia
269 2057 392 2115 fundata
411 2057 442 2114 in
462 2058 648 2128 delectatione,
671 2077 761 2133 quam
782 2057 838 2133 ipsi
859 2057 953 2116 affert.

88 2146 181 2204 Utiles
197 2155 242 2203 est
262 2146 337 2204 entis
352 2146 504 2204 cuiusdam
518 2146 707 2205 determinati
721 2166 789 2205 cum
804 2147 937 2222 appetitu
952 2165 1022 2205 con-

29 2236 185 2320 penientia
201 2235 331 2306 fundata,
354 2254 411 2316 non
428 2237 459 2292 in
472 2254 512 2304 eo,
533 2237 611 2310 quod
621 2246 679 2312 per
695 2253 724 2293 sc
739 2245 873 2294 naturam
889 2237 1022 2311 perficiat

29 2325 72 2393 trel
93 2323 336 2382 delectationem
356 2325 475 2394 afferat,
505 2325 558 2382 sed
583 2324 615 2382 in
637 2343 690 2395 eo,
712 2325 794 2400 quod
814 2325 905 2383 habet
926 2325 1022 2383 effica-

29 2410 103 2472 tiam
128 2413 210 2471 boni
231 2413 353 2471 alicuius
374 2413 562 2488 producendi
584 2409 746 2489 (medium).

178 2579 198 2647 ξ
218 2595 241 2644 3.
273 2585 446 2634 Exsistentia
464 2586 599 2634 bonitatis
618 2585 880 2635 transcendentalis.

89 2706 189 2765 Omne
210 2723 258 2763 ens
278 2714 326 2764 est-
338 2708 438 2765 bonum
452 2709 574 2765 bonitate
594 2710 840 2777 transcendentali,
861 2709 908 2765 vel
929 2726 977 2764 ens
998 2716 1025 2764 et

30 2793 130 2851 bonum
156 2803 368 2853 convertuntur.

90 2883 218 2942 «Omne
233 2902 294 2955 ens,
316 2883 347 2942 in
363 2895 505 2959 quantum
520 2896 565 2944 est
578 2905 640 2958 ens,
663 2896 707 2944 est
722 2886 946 2961 quodammodo
959 2902 1024 2960 per·

32 2971 161 3044 fectum,
192 2972 263 3047 quia
290 2974 386 3031 omnis
413 2985 495 3033 actus
523 2975 668 3051 perfectio
689 2974 837 3049 quaedam
865 2984 916 3032 est.
958 2974 1024 3032 Per·

32 3059 145 3119 tectum
174 3078 248 3118 vero
275 3062 366 3120 habet
392 3063 538 3122 rationem
566 3061 735 3138 appetibilis
756 3073 786 3121 et
810 3062 891 3121 boni.
934 3063 1024 3121 Unde

31 3151 169 3223 sequitur
183 3167 273 3208 omne
288 3169 350 3222 ens,
371 3151 403 3208 in
419 3163 561 3226 quantum
576 3151 753 3221 huiusmodi,
776 3153 888 3209 bonum
910 3169 1001 3207 esse.»
1019 3153 1024 3181 ¹

97 3309 103 3338 ¹
125 3310 154 3357 S.
179 3310 275 3366 Thone„
295 3310 320 3356 S.
341 3310 418 3357 theol.
438 3311 458 3368 1,
478 3327 502 3373 q.
524 3320 547 3370 5,
567 3327 589 3356 a.
610 3308 634 3354 6.

84 3399 287 3449 Reinstadler,
302 3402 371 3440 Elem.
387 3401 465 3450 philos.
482 3401 548 3439 schol.
572 3401 588 3440 l.
837 3401 864 3448 17
