2350 3700
132 169 184 218 324
417 168 456 205 DE
475 168 663 213 QUANTITATE
682 168 842 205 CORPOREA.

130 334 273 374 vocamus
293 318 477 373 extensionem
499 318 642 373 internam
669 317 718 374 vel
743 317 897 374 virtualem
915 318 962 373 vel
990 315 1117 391 aptitudi-

130 407 261 474 nariam,
283 406 353 480 quia
372 423 428 481 per
448 423 515 463 eam
536 407 583 476 fit,
613 414 644 462 ut
664 423 773 481 eorpus
795 406 906 463 habeat
927 404 1120 480 aptitudinem
1167 480 1168 483 Ἴ

130 493 170 551 ad
197 494 368 552 habendum
396 504 464 552 actu
492 493 698 552 extensionem
729 504 891 553 externam.
940 496 994 553 Est
1024 503 1121 551 autern

123 585 229 659 positio
243 586 375 660 portium
395 590 480 641 extro
493 585 648 660 portorio
668 584 768 641 ordine
788 584 831 640 od
846 602 882 640 se.

190 682 243 740 IV.
264 684 299 740 In
320 682 494 741 extensione
515 682 566 740 illa
586 682 718 757 denique
739 681 795 740 tria
816 682 874 740 alia
894 682 1033 740 videmus
1062 699 1124 739 esse

130 770 296 847 implicata:
325 772 616 849 impenetrabilitotem
637 771 759 843 scilicet,
784 791 843 847 qua
864 790 974 847 corpus
995 770 1128 830 excludit

130 861 341 936 quodcumque
363 860 444 919 aliud
465 879 572 936 corpus
591 863 693 919 aloco
707 870 872 937 occupat03
894 862 1127 927 droz'sibilitntem,

131 969 191 1025 qua
217 952 263 1021 fit,
298 961 330 1008 nt
356 961 456 1026 partes
484 960 624 1009 extensae
652 960 682 1009 et
709 950 809 1009 unitae
837 952 970 1026 separari
993 949 1129 1027 possint:

130 1040 414 1110 mensurabilitotem‚
447 1058 507 1116 qua
533 1039 629 1097 maior
656 1042 705 1099 vel
732 1040 830 1099 minor
858 1040 1008 1115 quantitas
1029 1040 1130 1098 deter-

131 1128 238 1187 minari
258 1140 364 1204 potest.

516 1255 681 1303 Anrreuxus
702 1266 732 1304 11.

264 1367 488 1416 ELEMENTUM
506 1367 749 1429 QUANTITATIS
768 1367 988 1416 ESSENTIALE

480 1448 552 1495 DET
553 1447 771 1497 ERMINATUR.

190 1572 390 1646 Proprietates
411 1571 478 1630 illae
500 1588 618 1642 omnes,
641 1588 715 1646 quas
735 1570 849 1647 analysi
869 1570 901 1628 in
922 1588 955 1629 re
977 1587 1130 1646 corporea

41 1730 46 1737 ¹
130 1662 311 1734 invenimus,
334 1663 423 1737 vulgo
443 1660 611 1720 tribuuntur
633 1660 796 1735 quantitati.
839 1662 882 1720 Ut
902 1671 1001 1719 autem
1024 1658 1131 1717 defini·

130 1750 244 1809 tionem
258 1751 445 1810 essentialem
460 1748 630 1825 quantitatis
645 1760 773 1809 statuere
785 1749 941 1825 possimus
957 1748 1128 1825 requiritur,

131 1850 162 1898 ut
182 1841 317 1913 sciamus,
340 1859 488 1917 quaenam
510 1859 547 1899 ex
567 1839 624 1898 illis
645 1839 876 1916 proprietatibus
897 1838 935 1898 sit
955 1838 1051 1915 ipsius
1073 1840 1130 1897 ele-

131 1940 264 1988 mentum
274 1930 502 1989 eonstitutivum.
523 1931 713 1988 Elementum
722 1948 795 1988 vero
805 1929 886 2002 illud,
897 1928 1129 2004 comparatione

132 2019 270 2090 instituta,
292 2020 426 2079 videmus
447 2037 512 2078 esse
532 2021 718 2076 externionem
739 2021 889 2077 internam.
922 2017 1066 2076 Etenim:

196 2130 220 2166 1.
242 2109 319 2167 Illud
340 2120 384 2168 est
400 2110 581 2167 elementum
595 2109 717 2167 alieuius
732 2109 775 2167 rei
789 2107 1022 2180 constitutivum,
1047 2107 1129 2183 quod

132 2199 163 2256 in
182 2217 219 2256 ea
232 2199 400 2273 concipitur
413 2209 445 2256 ut
458 2199 586 2274 primum
601 2216 666 2257 esse
681 2208 711 2257 et
725 2209 877 2273 tamquam
892 2197 978 2255 radix
992 2196 1128 2255 omniurn

133 2289 255 2345 aliarum
276 2287 491 2363 proprietatum
504 2288 521 2345 ¹.
564 2287 657 2362 Atqui
678 2288 744 2345 talis
762 2306 825 2345 non
847 2297 892 2345 est
911 2285 969 2344 nisi
992 2286 1128 2345 extensio

132 2378 257 2436 interna.
287 2376 407 2435 Etenim
427 2376 508 2452 prius
527 2375 708 2452 intellegitur
722 2377 884 2435 substantia
897 2376 1013 2434 habere
1028 2386 1129 2450 partes

132 2467 164 2524 in
185 2467 290 2525 ordine
312 2466 418 2537 adse,
447 2465 464 2524 i.
487 2484 513 2524 e.
542 2485 633 2524 unam
661 2467 699 2524 ab
727 2465 785 2525 alia
813 2466 963 2526 diversam
984 2475 1016 2524 et
1036 2483 1129 2522 unam

133 2566 215 2615 extra
244 2556 332 2613 aliam
363 2555 464 2625 sitam,
495 2573 587 2630 quam
616 2556 728 2613 habere
759 2565 860 2632 partes
889 2555 920 2612 in
951 2554 1061 2612 ordine
1089 2554 1129 2611 ad

132 2647 248 2718 locum3
278 2646 353 2702 sieut
373 2643 453 2720 prius
474 2654 519 2702 est
538 2643 651 2702 habere
670 2645 830 2720 pecuniam
853 2663 944 2720 quam
965 2643 1128 2718 pecuniam
1166 2671 1167 2714 r

133 2735 214 2793 dare.
257 2736 332 2792 Item
359 2733 440 2809 prius
467 2743 512 2791 est
537 2732 650 2791 habere
676 2745 792 2808 parteS,
821 2751 947 2808 quarum
975 2750 1037 2790 una
1066 2751 1127 2790 non
1166 2753 1167 2812 t

133 2834 178 2883 est
192 2823 257 2894 alia,
280 2834 309 2882 et
323 2841 448 2897 quarum
462 2840 523 2880 una
536 2831 582 2880 est
596 2833 679 2880 extra
693 2822 790 2894 aliam,
814 2841 904 2898 quam
919 2821 1015 2879 dividi
1029 2839 1125 2896 posse.

134 2913 223 2970 Ratio
243 2911 380 2988 proinde,
405 2930 457 2970 cur
478 2911 641 2970 substantia
662 2922 790 2988 occupet
810 2913 926 2980 locum,
947 2911 996 2969 vel
1018 2911 1127 2969 habeat

133 3001 338 3060 extensionem
369 3011 538 3074 extemam3
572 3001 644 3059 item
676 3001 769 3072 rati0‚
806 3019 858 3059 cur
892 3000 1058 3058 substantia
1093 3000 1127 3058 sit
1158 3017 1167 3075 r

133 3090 303 3158 divisibilis,
334 3089 585 3163 impenetrabilis,
616 3090 838 3161 mensurabilis,
870 3100 929 3162 est,
961 3089 1033 3164 quia
1063 3091 1127 3147 sub-

133 3175 239 3230 stantia
259 3185 303 3232 est
319 3175 350 3231 in
364 3193 396 3233 se
410 3176 475 3249 ipsa
489 3187 619 3246 extensa,
641 3178 733 3236 habet
747 3177 954 3246 extensionem
968 3178 1125 3236 internam.

196 3339 204 3368 ¹
223 3343 262 3388 Cf.
282 3359 357 3404 supra
376 3362 400 3406 p.
422 3359 481 3408 232.
