<?xml version="1.0" encoding="UTF-8"?>
<!DOCTYPE html PUBLIC "-//W3C//DTD XHTML 1.0 Transitional//EN"
    "http://www.w3.org/TR/xhtml1/DTD/xhtml1-transitional.dtd">
<html xmlns="http://www.w3.org/1999/xhtml" xml:lang="en" lang="en">
 <head>
  <title>
</title>
<meta http-equiv="Content-Type" content="text/html;charset=utf-8" />
  <meta name='ocr-system' content='tesseract 3.04.00' />
  <meta name='ocr-capabilities' content='ocr_page ocr_carea ocr_par ocr_line ocrx_word'/>
</head>
<body>
  <div class='ocr_page' id='page_1' title='image "./elementaphiloso00reingoog_0112.png"; bbox 0 0 2350 3700; ppageno 0'>
   <div class='ocr_carea' id='block_1_1' title="bbox 537 147 718 193">
    <p class='ocr_par' dir='ltr' id='par_1_1' title="bbox 537 147 718 193">
     <span class='ocr_line' id='line_1_1' title="bbox 537 147 718 193; baseline 0.011 -2"><span class='ocrx_word' id='word_1_1' title='bbox 537 147 718 193; x_wconf 74' lang='lat' dir='ltr'><strong>oranacrrc&#39;n.</strong></span> 
     </span>
    </p>
   </div>
   <div class='ocr_carea' id='block_1_2' title="bbox 130 299 1161 1360">
    <p class='ocr_par' dir='ltr' id='par_1_2' title="bbox 137 299 1161 718">
     <span class='ocr_line' id='line_1_2' title="bbox 138 299 1161 380; baseline -0.002 -18"><span class='ocrx_word' id='word_1_2' title='bbox 138 304 269 380; x_wconf 82' lang='lat' dir='ltr'>pendeat</span> <span class='ocrx_word' id='word_1_3' title='bbox 291 315 320 362; x_wconf 91' lang='lat' dir='ltr'><strong>et</strong></span> <span class='ocrx_word' id='word_1_4' title='bbox 339 304 423 378; x_wconf 83' lang='lat' dir='ltr'>quasi</span> <span class='ocrx_word' id='word_1_5' title='bbox 444 303 475 365; x_wconf 88' lang='lat' dir='ltr'><strong>in</strong></span> <span class='ocrx_word' id='word_1_6' title='bbox 495 302 595 379; x_wconf 89' lang='lat' dir='ltr'><strong>priore</strong></span> <span class='ocrx_word' id='word_1_7' title='bbox 611 304 805 375; x_wconf 89' lang='lat' dir='ltr'><strong>contineatur,</strong></span> <span class='ocrx_word' id='word_1_8' title='bbox 828 304 889 362; x_wconf 92' lang='lat' dir='ltr'><strong>duo</strong></span> <span class='ocrx_word' id='word_1_9' title='bbox 909 300 1128 379; x_wconf 83' lang='lat' dir='ltr'><strong>componentia</strong></span> <span class='ocrx_word' id='word_1_10' title='bbox 1159 299 1161 376; x_wconf 76' lang='lat' dir='ltr'><strong>l</strong></span> 
     </span>
     <span class='ocr_line' id='line_1_3' title="bbox 138 390 1161 467; baseline -0.003 -17"><span class='ocrx_word' id='word_1_11' title='bbox 138 391 292 450; x_wconf 88' lang='lat' dir='ltr'><strong>assimilari</strong></span> <span class='ocrx_word' id='word_1_12' title='bbox 331 401 454 467; x_wconf 87' lang='lat' dir='ltr'>possunt</span> <span class='ocrx_word' id='word_1_13' title='bbox 492 392 607 449; x_wconf 89' lang='lat' dir='ltr'><strong>duabus</strong></span> <span class='ocrx_word' id='word_1_14' title='bbox 646 392 898 467; x_wconf 87' lang='lat' dir='ltr'><strong>propositionibus</strong></span> <span class='ocrx_word' id='word_1_15' title='bbox 938 390 1125 450; x_wconf 82' lang='lat' dir='ltr'><strong>subalternis.</strong></span> <span class='ocrx_word' id='word_1_16' title='bbox 1159 393 1161 398; x_wconf 86' lang='lat'>&#39;</span> 
     </span>
     <span class='ocr_line' id='line_1_4' title="bbox 137 480 1126 556; baseline -0.003 -18"><span class='ocrx_word' id='word_1_17' title='bbox 137 481 266 539; x_wconf 91' lang='lat' dir='ltr'><strong>Proinde</strong></span> <span class='ocrx_word' id='word_1_18' title='bbox 288 481 413 539; x_wconf 90' lang='lat' dir='ltr'><strong>eaedem</strong></span> <span class='ocrx_word' id='word_1_19' title='bbox 428 481 505 539; x_wconf 91' lang='lat' dir='ltr'><strong>inter</strong></span> <span class='ocrx_word' id='word_1_20' title='bbox 525 480 589 556; x_wconf 91' lang='lat' dir='ltr'><strong>ipsa</strong></span> <span class='ocrx_word' id='word_1_21' title='bbox 604 481 750 539; x_wconf 90' lang='lat' dir='ltr'><strong>enuntiari</strong></span> <span class='ocrx_word' id='word_1_22' title='bbox 771 491 894 556; x_wconf 88' lang='lat' dir='ltr'><strong>possunt</strong></span> <span class='ocrx_word' id='word_1_23' title='bbox 914 480 1082 539; x_wconf 87' lang='lat' dir='ltr'><strong>relationes</strong></span> <span class='ocrx_word' id='word_1_24' title='bbox 1095 498 1126 535; x_wconf 91' lang='lat' dir='ltr'><strong>ac</strong></span> 
     </span>
     <span class='ocr_line' id='line_1_5' title="bbox 137 564 1127 645; baseline -0.002 -18"><span class='ocrx_word' id='word_1_25' title='bbox 137 571 213 640; x_wconf 89' lang='lat' dir='ltr'><strong>illae,</strong></span> <span class='ocrx_word' id='word_1_26' title='bbox 236 589 310 645; x_wconf 89' lang='lat' dir='ltr'><strong>quas</strong></span> <span class='ocrx_word' id='word_1_27' title='bbox 332 569 411 627; x_wconf 92' lang='lat' dir='ltr'><strong>circa</strong></span> <span class='ocrx_word' id='word_1_28' title='bbox 432 569 652 645; x_wconf 84' lang='lat' dir='ltr'><strong>propositiones</strong></span> <span class='ocrx_word' id='word_1_29' title='bbox 666 570 851 630; x_wconf 85' lang='lat' dir='ltr'><strong>subalternas</strong></span> <span class='ocrx_word' id='word_1_30' title='bbox 872 565 911 645; x_wconf 88' lang='lat' dir='ltr'><strong>(p.</strong></span> <span class='ocrx_word' id='word_1_31' title='bbox 930 586 977 645; x_wconf 82' lang='lat'><strong>53,</strong></span> <span class='ocrx_word' id='word_1_32' title='bbox 1002 564 1061 644; x_wconf 83' lang='lat' dir='ltr'><strong>IV)</strong></span> <span class='ocrx_word' id='word_1_33' title='bbox 1082 568 1127 625; x_wconf 83' lang='lat' dir='ltr'><strong>de</strong></span> 
     </span>
     <span class='ocr_line' id='line_1_6' title="bbox 137 660 739 718; baseline 0 -1"><span class='ocrx_word' id='word_1_34' title='bbox 137 660 322 718; x_wconf 87' lang='lat' dir='ltr'><strong>claravimus</strong></span> <span class='ocrx_word' id='word_1_35' title='bbox 729 709 739 717; x_wconf 78' lang='grc'><strong><em>,</em></strong></span> 
     </span>
    </p>

    <p class='ocr_par' dir='ltr' id='par_1_3' title="bbox 130 749 1161 1002">
     <span class='ocr_line' id='line_1_7' title="bbox 197 749 1161 824; baseline -0.004 -17"><span class='ocrx_word' id='word_1_36' title='bbox 197 749 303 807; x_wconf 91' lang='lat' dir='ltr'><strong>Unde:</strong></span> <span class='ocrx_word' id='word_1_37' title='bbox 335 749 388 805; x_wconf 86' lang='lat' dir='ltr'><strong>Ex</strong></span> <span class='ocrx_word' id='word_1_38' title='bbox 414 750 533 806; x_wconf 79' lang='lat' dir='ltr'><strong>veritate</strong></span> <span class='ocrx_word' id='word_1_39' title='bbox 562 750 745 806; x_wconf 81' lang='lat' dir='ltr'><strong>antecedentis</strong></span> <span class='ocrx_word' id='word_1_40' title='bbox 774 751 901 824; x_wconf 80' lang='lat' dir='ltr'><strong>sequitur</strong></span> <span class='ocrx_word' id='word_1_41' title='bbox 928 751 1042 807; x_wconf 82' lang='lat' dir='ltr'><strong>veritas</strong></span> <span class='ocrx_word' id='word_1_42' title='bbox 1072 766 1127 805; x_wconf 79' lang='lat' dir='ltr'><strong>can·</strong></span> <span class='ocrx_word' id='word_1_43' title='bbox 1159 801 1161 804; x_wconf 87' lang='grc'><strong>,</strong></span> 
     </span>
     <span class='ocr_line' id='line_1_8' title="bbox 136 838 1127 914; baseline -0.005 -18"><span class='ocrx_word' id='word_1_44' title='bbox 136 841 282 914; x_wconf 80' lang='lat' dir='ltr'><strong>sequentis,</strong></span> <span class='ocrx_word' id='word_1_45' title='bbox 304 838 428 895; x_wconf 79' lang='lat' dir='ltr'><strong>sednon</strong></span> <span class='ocrx_word' id='word_1_46' title='bbox 449 844 564 908; x_wconf 79' lang='lat' dir='ltr'><strong>coatra;</strong></span> <span class='ocrx_word' id='word_1_47' title='bbox 585 856 622 894; x_wconf 81' lang='lat' dir='ltr'><strong>ex</strong></span> <span class='ocrx_word' id='word_1_48' title='bbox 635 838 772 911; x_wconf 83' lang='lat' dir='ltr'><strong>falsitate</strong></span> <span class='ocrx_word' id='word_1_49' title='bbox 792 840 977 913; x_wconf 76' lang='lat' dir='ltr'><strong>consequentis</strong></span> <span class='ocrx_word' id='word_1_50' title='bbox 999 840 1127 912; x_wconf 77' lang='lat' dir='ltr'><strong>sequitur</strong></span> 
     </span>
     <span class='ocr_line' id='line_1_9' title="bbox 130 927 737 1002; baseline -0.002 -17"><span class='ocrx_word' id='word_1_51' title='bbox 130 929 254 1002; x_wconf 81' lang='lat' dir='ltr'><strong>falsitas</strong></span> <span class='ocrx_word' id='word_1_52' title='bbox 275 929 465 996; x_wconf 82' lang='lat' dir='ltr'><strong>antecedentis,</strong></span> <span class='ocrx_word' id='word_1_53' title='bbox 487 927 539 985; x_wconf 85' lang='lat' dir='ltr'><strong>sed</strong></span> <span class='ocrx_word' id='word_1_54' title='bbox 552 946 612 985; x_wconf 50' lang='lat' dir='ltr'><strong>¹non</strong></span> <span class='ocrx_word' id='word_1_55' title='bbox 633 935 737 985; x_wconf 79' lang='lat' dir='ltr'><strong>contra,</strong></span> 
     </span>
    </p>

    <p class='ocr_par' dir='ltr' id='par_1_4' title="bbox 197 1017 954 1077">
     <span class='ocr_line' id='line_1_10' title="bbox 197 1017 954 1077; baseline 0 -2"><span class='ocrx_word' id='word_1_56' title='bbox 197 1020 234 1077; x_wconf 91' lang='lat' dir='ltr'><strong>ll.</strong></span> <span class='ocrx_word' id='word_1_57' title='bbox 257 1018 340 1075; x_wconf 91' lang='lat' dir='ltr'><strong>Hinc</strong></span> <span class='ocrx_word' id='word_1_58' title='bbox 361 1017 420 1075; x_wconf 94' lang='lat' dir='ltr'><strong>duo</strong></span> <span class='ocrx_word' id='word_1_59' title='bbox 442 1028 509 1075; x_wconf 90' lang='lat' dir='ltr'><strong>sunt</strong></span> <span class='ocrx_word' id='word_1_60' title='bbox 530 1017 613 1074; x_wconf 93' lang='lat' dir='ltr'><strong>modi</strong></span> <span class='ocrx_word' id='word_1_61' title='bbox 635 1026 714 1075; x_wconf 86' lang='lat' dir='ltr'><strong>recte</strong></span> <span class='ocrx_word' id='word_1_62' title='bbox 737 1017 954 1076; x_wconf 88' lang='lat' dir='ltr'><strong>concludendi:</strong></span> 
     </span>
    </p>

    <p class='ocr_par' dir='ltr' id='par_1_5' title="bbox 136 1106 1127 1360">
     <span class='ocr_line' id='line_1_11' title="bbox 200 1106 1126 1183; baseline -0.003 -18"><span class='ocrx_word' id='word_1_63' title='bbox 200 1129 224 1165; x_wconf 94' lang='lat'><strong>1.</strong></span> <span class='ocrx_word' id='word_1_64' title='bbox 248 1107 366 1178; x_wconf 89' lang='lat' dir='ltr'><strong>Modus,</strong></span> <span class='ocrx_word' id='word_1_65' title='bbox 389 1107 439 1181; x_wconf 93' lang='lat' dir='ltr'><strong>qui</strong></span> <span class='ocrx_word' id='word_1_66' title='bbox 461 1106 568 1164; x_wconf 91' lang='lat' dir='ltr'><strong>dicitur</strong></span> <span class='ocrx_word' id='word_1_67' title='bbox 582 1116 710 1183; x_wconf 77' lang='lat' dir='ltr'><strong>pomus:</strong></span> <span class='ocrx_word' id='word_1_68' title='bbox 730 1106 937 1182; x_wconf 90' lang='lat' dir='ltr'><strong>Propositione</strong></span> <span class='ocrx_word' id='word_1_69' title='bbox 957 1124 1078 1165; x_wconf 85' lang='lat' dir='ltr'><strong>conexa</strong></span> <span class='ocrx_word' id='word_1_70' title='bbox 1097 1106 1126 1163; x_wconf 90' lang='lat' dir='ltr'><strong>in</strong></span> 
     </span>
     <span class='ocr_line' id='line_1_12' title="bbox 136 1190 1127 1273; baseline -0.001 -19"><span class='ocrx_word' id='word_1_71' title='bbox 136 1198 229 1255; x_wconf 88' lang='lat' dir='ltr'><strong>altera</strong></span> <span class='ocrx_word' id='word_1_72' title='bbox 249 1195 413 1273; x_wconf 88' lang='lat' dir='ltr'><strong>praemissa</strong></span> <span class='ocrx_word' id='word_1_73' title='bbox 433 1194 543 1270; x_wconf 87' lang='lat' dir='ltr'><strong>posita,</strong></span> <span class='ocrx_word' id='word_1_74' title='bbox 576 1194 600 1253; x_wconf 93' lang='lat' dir='ltr'><strong>si</strong></span> <span class='ocrx_word' id='word_1_75' title='bbox 626 1196 658 1252; x_wconf 92' lang='lat' dir='ltr'><strong>in</strong></span> <span class='ocrx_word' id='word_1_76' title='bbox 679 1197 771 1253; x_wconf 87' lang='lat' dir='ltr'><strong>altera</strong></span> <span class='ocrx_word' id='word_1_77' title='bbox 799 1196 919 1271; x_wconf 90' lang='lat' dir='ltr'><strong>ponitur</strong></span> <span class='ocrx_word' id='word_1_78' title='bbox 940 1190 1127 1269; x_wconf 66' lang='lat' dir='ltr'><strong>(affirmans)</strong></span> 
     </span>
     <span class='ocr_line' id='line_1_13' title="bbox 136 1285 1125 1360; baseline -0.003 -16"><span class='ocrx_word' id='word_1_79' title='bbox 136 1287 327 1356; x_wconf 81' lang='lat' dir='ltr'><strong>antecedens,</strong></span> <span class='ocrx_word' id='word_1_80' title='bbox 343 1286 374 1342; x_wconf 91' lang='lat' dir='ltr'><strong>in</strong></span> <span class='ocrx_word' id='word_1_81' title='bbox 388 1285 580 1343; x_wconf 85' lang='lat' dir='ltr'><strong>conclusione</strong></span> <span class='ocrx_word' id='word_1_82' title='bbox 592 1295 673 1343; x_wconf 92' lang='lat' dir='ltr'><strong>recte</strong></span> <span class='ocrx_word' id='word_1_83' title='bbox 683 1285 804 1359; x_wconf 87' lang='lat' dir='ltr'><strong>ponitur</strong></span> <span class='ocrx_word' id='word_1_84' title='bbox 814 1303 1011 1360; x_wconf 90' lang='lat' dir='ltr'><strong>consequens.</strong></span> <span class='ocrx_word' id='word_1_85' title='bbox 1036 1287 1072 1342; x_wconf 90' lang='lat' dir='ltr'><strong>E.</strong></span> <span class='ocrx_word' id='word_1_86' title='bbox 1083 1299 1125 1359; x_wconf 86' lang='lat' dir='ltr'><strong>g.:</strong></span> 
     </span>
    </p>
   </div>
   <div class='ocr_carea' id='block_1_3' title="bbox 248 1383 1123 1637">
    <p class='ocr_par' dir='ltr' id='par_1_6' title="bbox 248 1383 1123 1637">
     <span class='ocr_line' id='line_1_14' title="bbox 248 1383 1123 1459; baseline -0.003 -16"><span class='ocrx_word' id='word_1_87' title='bbox 248 1384 278 1443; x_wconf 89' lang='lat' dir='ltr'><strong>Si</strong></span> <span class='ocrx_word' id='word_1_88' title='bbox 293 1386 375 1442; x_wconf 90' lang='lat' dir='ltr'><strong>Deus</strong></span> <span class='ocrx_word' id='word_1_89' title='bbox 389 1384 478 1441; x_wconf 88' lang='lat' dir='ltr'><strong>iustus</strong></span> <span class='ocrx_word' id='word_1_90' title='bbox 492 1394 544 1454; x_wconf 90' lang='lat' dir='ltr'><strong>est,</strong></span> <span class='ocrx_word' id='word_1_91' title='bbox 560 1383 660 1440; x_wconf 92' lang='lat' dir='ltr'><strong>anima</strong></span> <span class='ocrx_word' id='word_1_92' title='bbox 673 1394 741 1458; x_wconf 92' lang='lat' dir='ltr'><strong>post</strong></span> <span class='ocrx_word' id='word_1_93' title='bbox 754 1394 882 1442; x_wconf 90' lang='lat' dir='ltr'><strong>mortem</strong></span> <span class='ocrx_word' id='word_1_94' title='bbox 896 1384 951 1442; x_wconf 88' lang='lat' dir='ltr'><strong>erit</strong></span> <span class='ocrx_word' id='word_1_95' title='bbox 965 1394 1123 1459; x_wconf 90' lang='lat' dir='ltr'><strong>superstes.</strong></span> 
     </span>
     <span class='ocr_line' id='line_1_15' title="bbox 249 1472 630 1548; baseline 0.003 -18"><span class='ocrx_word' id='word_1_96' title='bbox 249 1472 342 1548; x_wconf 87' lang='lat' dir='ltr'><strong>Atqui</strong></span> <span class='ocrx_word' id='word_1_97' title='bbox 364 1474 446 1530; x_wconf 91' lang='lat' dir='ltr'><strong>Deus</strong></span> <span class='ocrx_word' id='word_1_98' title='bbox 467 1472 557 1530; x_wconf 88' lang='lat' dir='ltr'><strong>iustus</strong></span> <span class='ocrx_word' id='word_1_99' title='bbox 578 1483 630 1531; x_wconf 90' lang='lat' dir='ltr'><strong>est.</strong></span> 
     </span>
     <span class='ocr_line' id='line_1_16' title="bbox 248 1562 941 1637; baseline 0.001 -18"><span class='ocrx_word' id='word_1_100' title='bbox 248 1564 330 1636; x_wconf 82' lang='lat' dir='ltr'><strong>Ergo</strong></span> <span class='ocrx_word' id='word_1_101' title='bbox 352 1562 451 1619; x_wconf 89' lang='lat' dir='ltr'><strong>anima</strong></span> <span class='ocrx_word' id='word_1_102' title='bbox 472 1571 540 1637; x_wconf 90' lang='lat' dir='ltr'><strong>post</strong></span> <span class='ocrx_word' id='word_1_103' title='bbox 560 1572 688 1620; x_wconf 92' lang='lat' dir='ltr'><strong>mortem</strong></span> <span class='ocrx_word' id='word_1_104' title='bbox 709 1562 765 1620; x_wconf 89' lang='lat' dir='ltr'><strong>erit</strong></span> <span class='ocrx_word' id='word_1_105' title='bbox 785 1573 941 1637; x_wconf 91' lang='lat' dir='ltr'><strong>superstes.</strong></span> 
     </span>
    </p>
   </div>
   <div class='ocr_carea' id='block_1_4' title="bbox 136 1659 826 1731">
    <p class='ocr_par' dir='ltr' id='par_1_7' title="bbox 136 1659 826 1731">
     <span class='ocr_line' id='line_1_17' title="bbox 136 1659 826 1731; baseline 0.001 -13"><span class='ocrx_word' id='word_1_106' title='bbox 136 1661 206 1718; x_wconf 93' lang='lat' dir='ltr'><strong>Non</strong></span> <span class='ocrx_word' id='word_1_107' title='bbox 227 1671 308 1719; x_wconf 88' lang='lat' dir='ltr'><strong>recte</strong></span> <span class='ocrx_word' id='word_1_108' title='bbox 329 1678 400 1717; x_wconf 91' lang='lat' dir='ltr'><strong>vero</strong></span> <span class='ocrx_word' id='word_1_109' title='bbox 422 1660 627 1731; x_wconf 85' lang='lat' dir='ltr'><strong>concluderes,</strong></span> <span class='ocrx_word' id='word_1_110' title='bbox 650 1659 674 1718; x_wconf 91' lang='lat' dir='ltr'><strong>si</strong></span> <span class='ocrx_word' id='word_1_111' title='bbox 694 1660 826 1719; x_wconf 85' lang='lat' dir='ltr'><strong>diceres:</strong></span> 
     </span>
    </p>
   </div>
   <div class='ocr_carea' id='block_1_5' title="bbox 134 1758 1124 2193">
    <p class='ocr_par' dir='ltr' id='par_1_8' title="bbox 134 1758 1124 2193">
     <span class='ocr_line' id='line_1_18' title="bbox 247 1758 953 1835; baseline 0.001 -19"><span class='ocrx_word' id='word_1_112' title='bbox 247 1758 339 1834; x_wconf 89' lang='lat' dir='ltr'><strong>Atqui</strong></span> <span class='ocrx_word' id='word_1_113' title='bbox 361 1758 461 1815; x_wconf 85' lang='lat' dir='ltr'><strong>anima</strong></span> <span class='ocrx_word' id='word_1_114' title='bbox 482 1769 549 1833; x_wconf 91' lang='lat' dir='ltr'><strong>post</strong></span> <span class='ocrx_word' id='word_1_115' title='bbox 570 1767 698 1816; x_wconf 89' lang='lat' dir='ltr'><strong>mortem</strong></span> <span class='ocrx_word' id='word_1_116' title='bbox 719 1759 775 1817; x_wconf 88' lang='lat' dir='ltr'><strong>erit</strong></span> <span class='ocrx_word' id='word_1_117' title='bbox 796 1768 953 1835; x_wconf 89' lang='lat' dir='ltr'><strong>superstes.</strong></span> 
     </span>
     <span class='ocr_line' id='line_1_19' title="bbox 246 1847 616 1924; baseline -0.003 -17"><span class='ocrx_word' id='word_1_118' title='bbox 246 1850 328 1924; x_wconf 85' lang='lat' dir='ltr'><strong>Ergo</strong></span> <span class='ocrx_word' id='word_1_119' title='bbox 349 1849 431 1907; x_wconf 93' lang='lat' dir='ltr'><strong>Deus</strong></span> <span class='ocrx_word' id='word_1_120' title='bbox 453 1847 543 1906; x_wconf 91' lang='lat' dir='ltr'><strong>iustus</strong></span> <span class='ocrx_word' id='word_1_121' title='bbox 564 1859 616 1906; x_wconf 87' lang='lat' dir='ltr'><strong>est.</strong></span> 
     </span>
     <span class='ocr_line' id='line_1_20' title="bbox 198 1937 1122 2014; baseline 0.002 -20"><span class='ocrx_word' id='word_1_122' title='bbox 198 1958 223 1996; x_wconf 91' lang='lat'><strong>2.</strong></span> <span class='ocrx_word' id='word_1_123' title='bbox 246 1939 365 2006; x_wconf 71' lang='lat' dir='ltr'><strong>Modus</strong></span> <span class='ocrx_word' id='word_1_124' title='bbox 388 1937 440 2012; x_wconf 91' lang='lat' dir='ltr'><strong>qui</strong></span> <span class='ocrx_word' id='word_1_125' title='bbox 460 1937 566 1995; x_wconf 89' lang='lat' dir='ltr'><strong>dicitur</strong></span> <span class='ocrx_word' id='word_1_126' title='bbox 587 1939 700 1995; x_wconf 78' lang='lat' dir='ltr'><strong>tollens:</strong></span> <span class='ocrx_word' id='word_1_127' title='bbox 723 1938 932 2014; x_wconf 89' lang='lat' dir='ltr'><strong>Propositione</strong></span> <span class='ocrx_word' id='word_1_128' title='bbox 953 1957 1071 1997; x_wconf 82' lang='lat' dir='ltr'><strong>conexa</strong></span> <span class='ocrx_word' id='word_1_129' title='bbox 1092 1939 1122 1996; x_wconf 92' lang='lat' dir='ltr'><strong>in</strong></span> 
     </span>
     <span class='ocr_line' id='line_1_21' title="bbox 134 2023 1124 2104; baseline 0.003 -20"><span class='ocrx_word' id='word_1_130' title='bbox 134 2029 227 2085; x_wconf 88' lang='lat' dir='ltr'><strong>altera</strong></span> <span class='ocrx_word' id='word_1_131' title='bbox 247 2027 409 2102; x_wconf 89' lang='lat' dir='ltr'><strong>praemissa</strong></span> <span class='ocrx_word' id='word_1_132' title='bbox 430 2027 535 2104; x_wconf 90' lang='lat' dir='ltr'><strong>posita,</strong></span> <span class='ocrx_word' id='word_1_133' title='bbox 558 2028 582 2085; x_wconf 94' lang='lat' dir='ltr'><strong>si</strong></span> <span class='ocrx_word' id='word_1_134' title='bbox 604 2027 634 2085; x_wconf 94' lang='lat' dir='ltr'><strong>in</strong></span> <span class='ocrx_word' id='word_1_135' title='bbox 650 2029 742 2085; x_wconf 87' lang='lat' dir='ltr'><strong>altera</strong></span> <span class='ocrx_word' id='word_1_136' title='bbox 756 2029 866 2086; x_wconf 91' lang='lat' dir='ltr'><strong>tollitur</strong></span> <span class='ocrx_word' id='word_1_137' title='bbox 881 2023 1028 2104; x_wconf 88' lang='lat' dir='ltr'><strong>(negatur)</strong></span> <span class='ocrx_word' id='word_1_138' title='bbox 1052 2047 1124 2087; x_wconf 90' lang='lat' dir='ltr'><strong>con·</strong></span> 
     </span>
     <span class='ocr_line' id='line_1_22' title="bbox 136 2113 1121 2193; baseline 0.003 -20"><span class='ocrx_word' id='word_1_139' title='bbox 136 2135 271 2191; x_wconf 89' lang='lat' dir='ltr'><strong>sequens,</strong></span> <span class='ocrx_word' id='word_1_140' title='bbox 293 2117 323 2174; x_wconf 92' lang='lat' dir='ltr'><strong>in</strong></span> <span class='ocrx_word' id='word_1_141' title='bbox 345 2117 537 2175; x_wconf 89' lang='lat' dir='ltr'><strong>conclusione</strong></span> <span class='ocrx_word' id='word_1_142' title='bbox 559 2128 641 2176; x_wconf 88' lang='lat' dir='ltr'><strong>recte</strong></span> <span class='ocrx_word' id='word_1_143' title='bbox 662 2113 772 2175; x_wconf 88' lang='lat' dir='ltr'><strong>tollitur</strong></span> <span class='ocrx_word' id='word_1_144' title='bbox 793 2119 986 2176; x_wconf 83' lang='lat' dir='ltr'><strong>antecedens</strong></span> <span class='ocrx_word' id='word_1_145' title='bbox 1022 2119 1059 2176; x_wconf 89' lang='lat' dir='ltr'><strong>E.</strong></span> <span class='ocrx_word' id='word_1_146' title='bbox 1075 2134 1121 2193; x_wconf 88' lang='lat' dir='ltr'><strong>g.:</strong></span> 
     </span>
    </p>
   </div>
   <div class='ocr_carea' id='block_1_6' title="bbox 246 2215 1123 2560">
    <p class='ocr_par' dir='ltr' id='par_1_9' title="bbox 248 2215 1123 2363">
     <span class='ocr_line' id='line_1_23' title="bbox 248 2215 1123 2291; baseline 0.002 -19"><span class='ocrx_word' id='word_1_147' title='bbox 248 2215 278 2272; x_wconf 90' lang='lat' dir='ltr'><strong>Si</strong></span> <span class='ocrx_word' id='word_1_148' title='bbox 307 2215 407 2273; x_wconf 90' lang='lat' dir='ltr'><strong>anima</strong></span> <span class='ocrx_word' id='word_1_149' title='bbox 435 2225 504 2290; x_wconf 91' lang='lat' dir='ltr'><strong>post</strong></span> <span class='ocrx_word' id='word_1_150' title='bbox 528 2226 656 2274; x_wconf 91' lang='lat' dir='ltr'><strong>mortem</strong></span> <span class='ocrx_word' id='word_1_151' title='bbox 685 2233 748 2273; x_wconf 91' lang='lat' dir='ltr'><strong>non</strong></span> <span class='ocrx_word' id='word_1_152' title='bbox 768 2216 824 2274; x_wconf 92' lang='lat' dir='ltr'><strong>erit</strong></span> <span class='ocrx_word' id='word_1_153' title='bbox 845 2226 1010 2291; x_wconf 87' lang='lat' dir='ltr'><strong>superstes,</strong></span> <span class='ocrx_word' id='word_1_154' title='bbox 1038 2219 1123 2274; x_wconf 89' lang='lat' dir='ltr'><strong>Deus</strong></span> 
     </span>
     <span class='ocr_line' id='line_1_24' title="bbox 286 2303 486 2363; baseline -0.005 0"><span class='ocrx_word' id='word_1_155' title='bbox 286 2315 330 2363; x_wconf 90' lang='lat' dir='ltr'><strong>est</strong></span> <span class='ocrx_word' id='word_1_156' title='bbox 351 2303 486 2362; x_wconf 90' lang='lat' dir='ltr'><strong>crudelis.</strong></span> 
     </span>
    </p>

    <p class='ocr_par' dir='ltr' id='par_1_10' title="bbox 246 2393 749 2468">
     <span class='ocr_line' id='line_1_25' title="bbox 246 2393 749 2468; baseline 0.004 -18"><span class='ocrx_word' id='word_1_157' title='bbox 246 2393 338 2468; x_wconf 88' lang='lat' dir='ltr'><strong>Atqui</strong></span> <span class='ocrx_word' id='word_1_158' title='bbox 360 2394 442 2452; x_wconf 90' lang='lat' dir='ltr'><strong>Deus</strong></span> <span class='ocrx_word' id='word_1_159' title='bbox 464 2412 525 2452; x_wconf 93' lang='lat' dir='ltr'><strong>non</strong></span> <span class='ocrx_word' id='word_1_160' title='bbox 547 2405 591 2452; x_wconf 92' lang='lat' dir='ltr'><strong>est</strong></span> <span class='ocrx_word' id='word_1_161' title='bbox 612 2394 749 2452; x_wconf 79' lang='lat' dir='ltr'><strong>crudelis,</strong></span> 
     </span>
    </p>

    <p class='ocr_par' dir='ltr' id='par_1_11' title="bbox 246 2477 1121 2560">
     <span class='ocr_line' id='line_1_26' title="bbox 246 2477 1121 2560; baseline 0.001 -20"><span class='ocrx_word' id='word_1_162' title='bbox 246 2485 328 2557; x_wconf 85' lang='lat' dir='ltr'><strong>Ergo</strong></span> <span class='ocrx_word' id='word_1_163' title='bbox 350 2483 449 2540; x_wconf 91' lang='lat' dir='ltr'><strong>anima</strong></span> <span class='ocrx_word' id='word_1_164' title='bbox 470 2495 538 2558; x_wconf 89' lang='lat' dir='ltr'><strong>post</strong></span> <span class='ocrx_word' id='word_1_165' title='bbox 559 2494 687 2542; x_wconf 92' lang='lat' dir='ltr'><strong>mortem</strong></span> <span class='ocrx_word' id='word_1_166' title='bbox 709 2478 782 2559; x_wconf 88' lang='lat' dir='ltr'><strong>(non</strong></span> <span class='ocrx_word' id='word_1_167' title='bbox 804 2477 877 2560; x_wconf 91' lang='lat' dir='ltr'><strong>non)</strong></span> <span class='ocrx_word' id='word_1_168' title='bbox 893 2484 950 2542; x_wconf 89' lang='lat' dir='ltr'><strong>erit</strong></span> <span class='ocrx_word' id='word_1_169' title='bbox 964 2495 1121 2560; x_wconf 87' lang='lat' dir='ltr'><strong>superstes.</strong></span> 
     </span>
    </p>
   </div>
   <div class='ocr_carea' id='block_1_7' title="bbox 135 2580 771 2640">
    <p class='ocr_par' dir='ltr' id='par_1_12' title="bbox 135 2580 771 2640">
     <span class='ocr_line' id='line_1_27' title="bbox 135 2580 771 2640; baseline 0 -2"><span class='ocrx_word' id='word_1_170' title='bbox 135 2580 250 2638; x_wconf 86' lang='lat' dir='ltr'><strong>Vitiosa</strong></span> <span class='ocrx_word' id='word_1_171' title='bbox 270 2598 342 2639; x_wconf 92' lang='lat' dir='ltr'><strong>vero</strong></span> <span class='ocrx_word' id='word_1_172' title='bbox 364 2591 441 2638; x_wconf 90' lang='lat' dir='ltr'><strong>esset</strong></span> <span class='ocrx_word' id='word_1_173' title='bbox 461 2580 660 2640; x_wconf 87' lang='lat' dir='ltr'><strong>ratiocinandi</strong></span> <span class='ocrx_word' id='word_1_174' title='bbox 681 2581 771 2639; x_wconf 90' lang='lat' dir='ltr'><strong>ratio:</strong></span> 
     </span>
    </p>
   </div>
   <div class='ocr_carea' id='block_1_8' title="bbox 246 2677 1120 2843">
    <p class='ocr_par' dir='ltr' id='par_1_13' title="bbox 246 2677 1120 2843">
     <span class='ocr_line' id='line_1_28' title="bbox 247 2677 1120 2756; baseline 0.002 -20"><span class='ocrx_word' id='word_1_175' title='bbox 247 2677 339 2754; x_wconf 87' lang='lat' dir='ltr'><strong>Atqui</strong></span> <span class='ocrx_word' id='word_1_176' title='bbox 366 2679 466 2736; x_wconf 88' lang='lat' dir='ltr'><strong>anima</strong></span> <span class='ocrx_word' id='word_1_177' title='bbox 493 2679 624 2736; x_wconf 88' lang='lat' dir='ltr'><strong>humana</strong></span> <span class='ocrx_word' id='word_1_178' title='bbox 645 2690 712 2755; x_wconf 92' lang='lat' dir='ltr'><strong>post</strong></span> <span class='ocrx_word' id='word_1_179' title='bbox 739 2688 867 2738; x_wconf 92' lang='lat' dir='ltr'><strong>mortem</strong></span> <span class='ocrx_word' id='word_1_180' title='bbox 887 2681 943 2739; x_wconf 90' lang='lat' dir='ltr'><strong>erit</strong></span> <span class='ocrx_word' id='word_1_181' title='bbox 964 2693 1120 2756; x_wconf 89' lang='lat' dir='ltr'><strong>superstes.</strong></span> 
     </span>
     <span class='ocr_line' id='line_1_29' title="bbox 246 2769 740 2843; baseline 0.004 -19"><span class='ocrx_word' id='word_1_182' title='bbox 246 2771 328 2843; x_wconf 85' lang='lat' dir='ltr'><strong>Ergo</strong></span> <span class='ocrx_word' id='word_1_183' title='bbox 350 2769 432 2826; x_wconf 90' lang='lat' dir='ltr'><strong>Deus</strong></span> <span class='ocrx_word' id='word_1_184' title='bbox 453 2786 516 2825; x_wconf 92' lang='lat' dir='ltr'><strong>non</strong></span> <span class='ocrx_word' id='word_1_185' title='bbox 538 2778 582 2826; x_wconf 91' lang='lat' dir='ltr'><strong>est</strong></span> <span class='ocrx_word' id='word_1_186' title='bbox 604 2769 740 2827; x_wconf 90' lang='lat' dir='ltr'><strong>crudelis.</strong></span> 
     </span>
    </p>
   </div>
   <div class='ocr_carea' id='block_1_9' title="bbox 357 2942 897 3009">
    <p class='ocr_par' dir='ltr' id='par_1_14' title="bbox 357 2942 897 3009">
     <span class='ocr_line' id='line_1_30' title="bbox 357 2942 897 3009; baseline 0.006 -16"><span class='ocrx_word' id='word_1_187' title='bbox 357 2942 374 3008; x_wconf 63' lang='grc' dir='ltr'>ξ</span> <span class='ocrx_word' id='word_1_188' title='bbox 395 2958 418 2995; x_wconf 88' lang='lat'><strong>2.</strong></span> <span class='ocrx_word' id='word_1_189' title='bbox 451 2946 682 3009; x_wconf 79' lang='lat' dir='ltr'><strong>De·syllogismo</strong></span> <span class='ocrx_word' id='word_1_190' title='bbox 703 2947 897 2996; x_wconf 87' lang='lat' dir='ltr'><strong>coniunctivo.</strong></span> 
     </span>
    </p>
   </div>
   <div class='ocr_carea' id='block_1_10' title="bbox 115 3068 1122 3411">
    <p class='ocr_par' dir='ltr' id='par_1_15' title="bbox 134 3068 1122 3324">
     <span class='ocr_line' id='line_1_31' title="bbox 195 3068 1121 3144; baseline 0.004 -20"><span class='ocrx_word' id='word_1_191' title='bbox 195 3068 217 3124; x_wconf 90' lang='lat' dir='ltr'><strong>I.</strong></span> <span class='ocrx_word' id='word_1_192' title='bbox 234 3068 309 3125; x_wconf 90' lang='lat' dir='ltr'><strong>Cum</strong></span> <span class='ocrx_word' id='word_1_193' title='bbox 324 3068 490 3144; x_wconf 89' lang='lat' dir='ltr'><strong>propositio</strong></span> <span class='ocrx_word' id='word_1_194' title='bbox 504 3070 695 3129; x_wconf 88' lang='lat' dir='ltr'><strong>coniunctiva</strong></span> <span class='ocrx_word' id='word_1_195' title='bbox 708 3071 759 3128; x_wconf 74' lang='lat' dir='ltr'><strong>hoc</strong></span> <span class='ocrx_word' id='word_1_196' title='bbox 770 3090 857 3128; x_wconf 86' lang='lat' dir='ltr'><strong>unum</strong></span> <span class='ocrx_word' id='word_1_197' title='bbox 874 3070 1016 3142; x_wconf 89' lang='lat' dir='ltr'><strong>enuntiet,</strong></span> <span class='ocrx_word' id='word_1_198' title='bbox 1031 3072 1121 3129; x_wconf 91' lang='lat' dir='ltr'><strong>talem</strong></span> 
     </span>
     <span class='ocr_line' id='line_1_32' title="bbox 136 3155 1122 3235; baseline 0.004 -21"><span class='ocrx_word' id='word_1_199' title='bbox 136 3173 200 3214; x_wconf 92' lang='lat' dir='ltr'><strong>esse</strong></span> <span class='ocrx_word' id='word_1_200' title='bbox 220 3155 298 3214; x_wconf 89' lang='lat' dir='ltr'><strong>inter</strong></span> <span class='ocrx_word' id='word_1_201' title='bbox 319 3157 532 3232; x_wconf 89' lang='lat' dir='ltr'><strong>componentia</strong></span> <span class='ocrx_word' id='word_1_202' title='bbox 546 3159 730 3233; x_wconf 88' lang='lat' dir='ltr'><strong>relationem,</strong></span> <span class='ocrx_word' id='word_1_203' title='bbox 752 3170 783 3218; x_wconf 91' lang='lat' dir='ltr'><strong>ut</strong></span> <span class='ocrx_word' id='word_1_204' title='bbox 804 3160 934 3218; x_wconf 89' lang='lat' dir='ltr'><strong>iudicata</strong></span> <span class='ocrx_word' id='word_1_205' title='bbox 948 3159 1122 3235; x_wconf 87' lang='lat' dir='ltr'><strong>praedicata</strong></span> 
     </span>
     <span class='ocr_line' id='line_1_33' title="bbox 134 3243 1121 3324; baseline 0.005 -22"><span class='ocrx_word' id='word_1_206' title='bbox 134 3243 220 3302; x_wconf 91' lang='lat' dir='ltr'><strong>simul</strong></span> <span class='ocrx_word' id='word_1_207' title='bbox 247 3245 381 3303; x_wconf 90' lang='lat' dir='ltr'><strong>subiecto</strong></span> <span class='ocrx_word' id='word_1_208' title='bbox 402 3246 499 3304; x_wconf 90' lang='lat' dir='ltr'><strong>inesse</strong></span> <span class='ocrx_word' id='word_1_209' title='bbox 520 3266 583 3305; x_wconf 91' lang='lat' dir='ltr'><strong>non</strong></span> <span class='ocrx_word' id='word_1_210' title='bbox 604 3250 731 3323; x_wconf 89' lang='lat' dir='ltr'><strong>possint,</strong></span> <span class='ocrx_word' id='word_1_211' title='bbox 761 3249 821 3307; x_wconf 89' lang='lat' dir='ltr'><strong>duo</strong></span> <span class='ocrx_word' id='word_1_212' title='bbox 843 3249 1060 3324; x_wconf 90' lang='lat' dir='ltr'><strong>componentia</strong></span> <span class='ocrx_word' id='word_1_213' title='bbox 1080 3269 1121 3307; x_wconf 88' lang='lat' dir='ltr'><strong>as-</strong></span> 
     </span>
    </p>

    <p class='ocr_par' dir='ltr' id='par_1_16' title="bbox 115 3331 1120 3411">
     <span class='ocr_line' id='line_1_34' title="bbox 115 3331 1120 3411; baseline 0.009 -24"><span class='ocrx_word' id='word_1_214' title='bbox 115 3335 117 3340; x_wconf 48' lang='lat'><em>*</em></span> <span class='ocrx_word' id='word_1_215' title='bbox 135 3331 254 3388; x_wconf 88' lang='lat' dir='ltr'><strong>similari</strong></span> <span class='ocrx_word' id='word_1_216' title='bbox 268 3342 393 3404; x_wconf 89' lang='lat' dir='ltr'><strong>possunt</strong></span> <span class='ocrx_word' id='word_1_217' title='bbox 407 3332 522 3390; x_wconf 87' lang='lat' dir='ltr'><strong>duabus</strong></span> <span class='ocrx_word' id='word_1_218' title='bbox 532 3336 785 3411; x_wconf 91' lang='lat' dir='ltr'><strong>propositionibus</strong></span> <span class='ocrx_word' id='word_1_219' title='bbox 794 3339 954 3395; x_wconf 80' lang='lat' dir='ltr'><strong>contrariis.</strong></span> <span class='ocrx_word' id='word_1_220' title='bbox 984 3338 1120 3396; x_wconf 88' lang='lat' dir='ltr'><strong>Eaedem</strong></span> 
     </span>
    </p>
   </div>
   <div class='ocr_carea' id='block_1_11' title="bbox 0 0 1180 3700">
    <p class='ocr_par' dir='ltr' id='par_1_17' title="bbox 0 0 1180 3700">
     <span class='ocr_line' id='line_1_35' title="bbox 0 0 1180 3700; baseline 0 0"><span class='ocrx_word' id='word_1_221' title='bbox 0 0 1180 3700; x_wconf 95' lang='lat' dir='ltr'><strong> </strong></span> 
     </span>
    </p>
   </div>
   <div class='ocr_carea' id='block_1_12' title="bbox 974 3594 1161 3691">
    <p class='ocr_par' dir='ltr' id='par_1_18' title="bbox 974 3594 1161 3691">
     <span class='ocr_line' id='line_1_36' title="bbox 974 3594 1161 3691; baseline 0 0"><span class='ocrx_word' id='word_1_222' title='bbox 974 3674 988 3691; x_wconf 58' lang='lat' dir='ltr'><strong>X:</strong></span> <span class='ocrx_word' id='word_1_223' title='bbox 1005 3681 1009 3689; x_wconf 73' lang='grc' dir='ltr'>ι</span> <span class='ocrx_word' id='word_1_224' title='bbox 1016 3673 1044 3691; x_wconf 66' lang='lat' dir='ltr'><strong>z&#39;tv.</strong></span> <span class='ocrx_word' id='word_1_225' title='bbox 1050 3674 1074 3691; x_wconf 58' lang='lat' dir='ltr'><strong>:fn</strong></span> <span class='ocrx_word' id='word_1_226' title='bbox 1082 3594 1161 3691; x_wconf 73' lang='lat' dir='ltr'><strong>‚i</strong></span> 
     </span>
    </p>
   </div>
  </div>
 </body>
</html>
