2350 3700
141 96 191 143 166
519 108 749 144 cntrnntonoom.

137 257 176 314 de
197 255 370 314 auctoritate
390 255 532 330 sapientis
554 254 731 326 obtinuerit,
761 255 834 313 fides
862 256 919 313 erit
946 252 1130 330 praestanda
1151 265 1152 306 l

136 344 216 402 iuxta
236 343 430 419 principium:
452 344 559 401 Peritis
579 346 610 400 in
630 351 694 400 arte
714 344 886 402 credendum.
1151 347 1152 350 ’

197 453 225 504 4.
248 433 339 504 Quod
359 433 384 491 si
404 433 542 490 doctrina
561 432 729 509 sapientum
750 432 816 507 quis
836 433 878 490 uti
898 431 1054 500 voluerit,
1075 449 1132 487 non

137 532 169 580 ut
188 522 287 593 fidem,
309 522 363 580 sed
383 524 525 579 scientiam
546 521 657 579 habeat
676 521 716 580 de
736 522 877 596 dogmate
892 521 1046 596 quodam,
1069 531 1133 577 tuuc

137 611 300 670 tenendum
311 621 356 670 est
369 610 564 688 principium:
584 611 709 668 Tantum
722 611 799 669 oolrt
811 613 978 680 auctoritas,
995 615 1134 685 quamam

135 700 234 758 volent
252 702 386 758 rationes.
751 751 754 757 .

197 791 230 847 B.
259 791 313 847 Est
338 799 438 848 autem
465 787 545 847 aliud
573 806 695 864 quoque
723 788 925 848 testimonium
951 787 1134 855 doctrinale,

138 878 220 953 quod
240 889 364 936 vocatur
384 896 530 936 consensus
545 880 661 952 generis
679 878 804 936 humani.
849 879 923 936 Sunt
943 877 1032 936 enim
1065 875 1135 935 veri-

138 978 213 1025 tates
233 966 434 1042 speculativae
455 968 503 1026 vel
524 967 690 1042 practicae,
720 966 800 1024 eirea
821 986 895 1042 quas
915 966 1064 1025 homines
1084 985 1134 1022 mo

137 1057 241 1113 rolitrr
260 1075 368 1125 omncs,
399 1055 417 1114 i.
440 1075 466 1114 e,
497 1075 593 1130 genus
620 1057 782 1114 humanum
812 1074 873 1131 qua
899 1057 974 1127 tale,
1008 1073 1134 1114 consen·

138 1145 221 1204 tiunt.
251 1147 299 1204 De
320 1147 379 1203 hoc
400 1145 523 1221 speciali
543 1145 713 1204 testimonio
734 1145 865 1204 breviter
884 1147 960 1204 haee
977 1145 1132 1204 dicemus:
1151 1155 1152 1222 l

199 1235 370 1293 Consensus
390 1234 585 1310 populorum,
616 1233 668 1310 qni
689 1234 779 1292 etiam
799 1245 923 1292 vocatur
942 1253 1045 1292 sensus
1068 1225 1152 1290 com-¹

139 1326 240 1392 munis,
261 1323 334 1381 nihil
356 1322 436 1382 aliud
457 1333 502 1381 est
515 1323 573 1381 nisi
587 1322 735 1381 rationum
750 1323 977 1382 individualinm
992 1323 1026 1380 in
1042 1341 1131 1379 unum
1151 1345 1152 1378 t

138 1412 211 1487 quid
239 1411 456 1470 admittendum
483 1411 675 1489 conspiratio,
718 1413 787 1486 Qua
813 1413 878 1470 talis
906 1411 1040 1489 proinde
1070 1428 1130 1467 non

139 1511 184 1560 est
203 1501 353 1560 criterium
373 1502 413 1559 ab
434 1501 506 1573 aliis,
528 1502 567 1560 ab
588 1501 773 1580 experientia
794 1501 907 1560 scilicet
927 1511 1063 1572 externa,
1085 1501 1131 1557 vel

140 1590 178 1648 ab
194 1589 405 1665 intellegentia,
420 1591 467 1648 vel
482 1610 500 1648 a
513 1590 637 1662 ratione,
653 1592 700 1649 vel
711 1610 729 1648 a
739 1590 930 1665 conscientia,
947 1589 1129 1649 distinctum.
1151 1605 1152 1662 l

199 1678 329 1738 Proinde
351 1678 606 1755 quemadmodum
625 1679 741 1755 singula
754 1678 916 1750 individua,
938 1680 985 1737 his
1006 1677 1130 1737 criteriis

139 1787 202 1826 non
223 1779 304 1827 recte
325 1768 454 1839 utendo,
482 1770 514 1827 in
541 1786 675 1827 errorem
702 1767 805 1827 induci
831 1778 957 1844 possunt
977 1787 1036 1844 per
1057 1767 1130 1825 acci·

141 1860 231 1930 dens,
259 1859 300 1917 ita
327 1858 415 1917 etiam
444 1858 508 1917 lieri
533 1868 647 1934 potest,
677 1870 708 1917 ut
735 1868 829 1917 totum
851 1876 945 1935 genus
966 1858 1129 1917 humanum

141 1949 248 2007 eadem
268 1948 307 2005 de
328 1947 442 2006 ratione
464 1966 565 2006 errore
587 1947 755 2024 implicetur
769 1949 785 2006 ¹.

201 2039 275 2096 Sunt
295 2048 394 2095 autem
414 2037 526 2096 iudicia
546 2037 700 2109 nonnulla,
723 2037 755 2094 in
777 2056 854 2113 qnae
876 2036 1065 2112 proferenda
1085 2036 1128 2093 ho·

142 2125 237 2185 mines
257 2126 298 2185 ita
312 2126 494 2202 conspirant,
516 2137 548 2184 nt
564 2144 728 2185 consensus
743 2144 847 2185 eorum
860 2144 924 2183 non
938 2126 1037 2201 possit
1050 2125 1128 2183 aliter

141 2215 283 2291 explicari
304 2214 361 2274 nisi
382 2214 567 2274 admittendo
588 2215 727 2274 hominem
747 2215 880 2273 naturali
906 2221 985 2273 motu
1012 2214 1129 2271 rationis

141 2304 183 2361 od
205 2306 245 2362 sic
269 2304 448 2362 iudicandum
474 2304 616 2362 inclinari.
659 2303 814 2363 Eiusmodi
834 2302 944 2361 iudicia
965 2315 1037 2362 sunt
1059 2304 1127 2361 inter

141 2393 213 2451 alia:
242 2394 338 2451 Homo
358 2395 389 2451 in
409 2394 505 2451 moltis
524 2394 678 2451 actionibus
705 2394 833 2451 libertate
854 2392 994 2467 fruitam
1025 2392 1128 2449 Animo

141 2483 267 2540 humano
280 2489 350 2558 post
367 2490 483 2539 mortem
511 2484 624 2557 corpori
649 2489 691 2540 est
715 2488 854 2557 superstes
861 2502 871 2551 ,·
900 2482 1033 2539 Exsistit
1051 2481 1127 2539 Deus

141 2580 286 2648 supremus
306 2573 467 2644 legulotom
494 2572 610 2629 Bonum
624 2571 808 2646 faciendum,
836 2570 943 2627 molum
966 2570 1129 2637 uitandum

141 2662 268 2719 Mentiri
285 2669 367 2737 torpe
387 2668 444 2732 est,·
471 2661 554 2718 Deus
574 2667 617 2718 est
635 2660 780 2731 colendus;
807 2660 947 2716 Parentes
970 2658 1128 2717 honorandi

142 2752 314 2820 clamandi,
337 2761 393 2809 etc.

201 2840 260 2898 Sed
276 2842 307 2898 in
327 2841 371 2909 iis,
393 2857 466 2915 quoe
485 2840 561 2896 ratio
581 2838 713 2897 naturali
731 2844 807 2895 motu
827 2843 977 2895 otacrum
999 2837 1124 2903 odmritit,

142 2950 198 2989 noo
213 2937 307 3006 potest
325 2947 381 2987 esse
401 2947 491 2987 error.

206 3040 230 3078 1.
252 3018 422 3077 Universali
436 3016 517 3077 enim
531 3016 705 3075 inductione
721 3025 837 3074 constat
850 3015 881 3073 in
895 3010 1010 3090 genere
1025 3016 1126 3073 nullom

142 3117 245 3168 motum
266 3115 388 3165 noturor
408 3125 464 3165 csse
484 3108 604 3164 inanem.
648 3106 697 3164 Sic
718 3124 743 3163 e.
766 3123 794 3180 g.
816 3102 957 3162 animalia
977 3103 1068 3162 bruta
1092 3103 1125 3161 in·

207 3300 215 3329 ¹
234 3301 273 3347 Cf.
294 3314 371 3361 supra
388 3315 414 3361 p.
437 3312 494 3357 140.

312 3559 363 3673 t
