2350 3700
510 123 752 161 METHODOLOGIA.

548 299 660 356 CAPUT
682 313 712 354 11.

160 423 217 480 mr
238 422 451 480 unisono
474 391 769 495 Quansnouns
791 420 1015 479 socruum
1038 419 1133 475 VEL

429 511 589 568 ‘tunsus
610 510 836 568 PROBANDI.

526 661 695 709 Armenius
716 673 734 709 1.

183 775 232 824 DE
250 777 303 836 llS,
323 775 420 838 QUAE
439 773 660 823 PROBATIONI
679 773 772 823 SUNT
791 772 1102 821 PRAEMITTENDA.

360 913 377 980 fi
399 930 422 965 1.
455 919 499 965 De
519 917 696 965 dubitatione
716 915 897 965 scholastica.

202 1039 367 1098 Cartesiu5¹
388 1051 418 1098 et
439 1041 490 1114 qui
505 1058 574 1098 curn
588 1039 655 1115 ipso
670 1038 850 1109 sentiebant,
873 1040 1041 1106 cartcst'ani,
1069 1039 1154 1095 veri-

136 1139 211 1187 tates
239 1146 345 1187 omnes
370 1129 544 1205 probandas
564 1129 597 1185 in
618 1127 758 1198 dubium,
789 1129 895 1186 saltem
918 1127 1151 1194 methodt'mm’,

136 1218 218 1293 prius
238 1218 425 1276 revocandas
448 1236 513 1276 esse
541 1217 719 1275 docuerunt.
763 1218 802 1274 Et
824 1216 976 1274 Cartesius
1002 1214 1148 1290 quidem,

136 1316 167 1364 ut
195 1307 280 1363 firma
314 1306 500 1366 certitudinis
528 1306 725 1365 fundamenta
756 1305 920 1364 reflexione
952 1305 1147 1372 revelentur,

137 1394 238 1453 omnia
258 1393 289 1451 in
310 1394 433 1453 dubium
458 1395 633 1454 revocanda
652 1412 718 1452 esse
740 1393 859 1463 docuit,
888 1405 1012 1468 praeter
1034 1393 1147 1467 cogni-

136 1481 249 1540 tionem
277 1482 467 1557 cogitationis
496 1483 654 1559 propriae,
686 1482 718 1540 in
746 1502 806 1558 qua
835 1481 947 1540 deinde
977 1481 1145 1558 propriam

137 1571 337 1629 exsistentiam
354 1583 383 1630 et
397 1572 471 1630 alias
484 1573 645 1630 nonnullas
659 1571 808 1643 veritates
830 1582 862 1629 ut
876 1571 977 1630 ideam
993 1570 1146 1630 exsisten

137 1660 196 1719 tiae
217 1660 285 1731 Dei,
307 1659 448 1720 detexit⁸.

198 1747 282 1807 Alios
303 1758 412 1820 autem,
435 1769 472 1808 ex
493 1749 609 1808 dictis
602 1769 633 1806 m
654 1749 866 1825 criteriologia,
888 1749 1000 1808 scimus
1021 1748 1148 1807 dubita

137 1839 251 1897 tionem
265 1840 376 1897 realem
397 1839 478 1898 circa
499 1839 584 1915 plura
606 1858 768 1915 perperam
789 1838 958 1899 instituisse.

197 1928 284 2000 Quae
305 1946 374 1986 cum
394 1927 435 1985 ita
455 1928 522 1999 sint,
545 1928 584 1985 de
599 1928 785 1987 dubitatione
799 1929 1028 1985 scholasticorum
1049 1946 1149 1985 more

138 2026 218 2075 recte
249 2016 429 2075 instituenda
458 2034 556 2091 pauca
585 2016 636 2074 hic
671 2018 850 2088 referemus,
885 2015 1019 2075 breviter
1057 2016 1164 2083 colli-¹

138 2106 239 2181 gendo
260 2125 305 2176 ea,
328 2124 405 2180 quae
426 2105 465 2163 de
486 2104 545 2163 hac
565 2123 599 2164 re
620 2123 711 2181 supra
732 2106 792 2164 iam
813 2106 965 2164 declarata
986 2115 1068 2164 sunt.

201 2261 209 2293 ¹
230 2264 357 2313 ennesius
376 2261 582 2329 (1596—1650)
603 2266 635 2313 de
654 2266 776 2315 methodo
802 2265 881 2314 multa
909 2264 1025 2329 agitavit.
1066 2264 1143 2312 Prae-

138 2345 211 2408 cipua
230 2345 284 2393 eius
303 2344 397 2409 scripta
413 2353 484 2393 sunt:
504 2346 629 2395 Discours
648 2363 691 2394 sur
710 2346 735 2395 la
753 2346 877 2395 Methode
897 2342 1005 2408 (latium
1027 2345 1070 2393 De
1093 2361 1142 2391 me-

138 2422 246 2488 thodo);
279 2424 458 2474 Meditatioues
487 2425 519 2473 de
545 2426 628 2490 prima
650 2425 829 2491 philosophia;
862 2424 995 2489 Principia
1025 2424 1140 2488 philoso

138 2504 223 2569 phiae,
242 2514 291 2554 etc.
398 2501 467 2553 'ct
487 2521 563 2569 supra
581 2523 607 2570 p.
632 2507 689 2567 176.

201 2583 211 2614 ⁸
233 2586 275 2648 «Je
293 2600 333 2632 me
351 2584 448 2633 rosolus
460 2585 493 2633 de
506 2585 605 2633 seiudre
618 2602 668 2649 que
681 2595 765 2635 toutes
777 2587 815 2635 les
829 2586 929 2645 choses,
950 2585 994 2649 qui
1008 2583 1141 2633 m’etaient

137 2665 226 2729 jamais
245 2665 344 2715 entrees
362 2664 426 2711 daus
443 2663 549 2729 l'esprit,
569 2664 693 2714 n'etaient
712 2682 763 2715 non
783 2667 841 2731 plus
859 2666 943 2714 vraies
961 2681 1013 2730 que
1031 2666 1069 2713 les
1088 2664 1140 2713 illu-

139 2746 207 2794 sions
227 2747 259 2794 de
278 2762 331 2794 mes
349 2760 449 2808 songes.
476 2744 550 2804 Mais,
570 2744 678 2795 aussitdt
696 2746 777 2810 apr‘es,
795 2747 820 2810 je
838 2747 892 2809 pris
911 2746 992 2811 garde
1012 2761 1063 2810 que
1078 2760 1141 2808 pen·
1162 2746 1163 2767 ³

141 2827 202 2873 daut
220 2843 269 2889 que
285 2827 310 2890 je
328 2824 423 2872 voulais
441 2823 505 2872 ainsi
523 2840 616 2888 penser
634 2842 684 2889 que
704 2833 759 2875 tout
777 2825 839 2875 tuit
856 2826 931 2885 faux,
958 2825 977 2873 il
996 2824 1080 2873 fallait
1100 2826 1139 2873 ne·

141 2906 317 2955 cessairement
335 2919 384 2969 que
403 2904 455 2951 moi
474 2905 516 2968 qui
535 2905 560 2953 le
572 2905 675 2969 pensais
687 2906 755 2955 fusse
770 2905 880 2970 quelque
894 2905 988 2965 chose;
1009 2914 1037 2954 et
1049 2920 1138 2953 remar-

142 2996 219 3051 quant
237 3004 285 3052 que
305 2992 371 3035 cette
390 2983 484 3033 verite:
496 2986 526 3047 je
538 2992 626 3048 pense,
646 2986 708 3035 donc
717 2987 748 3051 jc
765 2987 829 3045 suis,
849 2985 912 3035 etait
930 2985 951 3033 si
972 2986 1054 3033 ferme
1073 2984 1135 3033 etsi

142 3068 242 3116 assuree
258 3082 307 3131 que
324 3071 405 3114 tontes
418 3064 455 3112 les
467 3065 524 3129 plus
536 3073 731 3129 extravagantes
744 3066 918 3130 suppositions
932 3066 978 3113 des
992 3065 1135 3129 seeptiques

142 3145 263 3196 n’etaient
280 3163 326 3212 pas
346 3143 467 3208 capables
486 3146 518 3194 de
537 3145 688 3206 l'ebranler,
712 3146 738 3210 je
754 3145 840 3210 jugeai
860 3162 910 3210 que
926 3145 952 3209 je
978 3145 1090 3209 pouvais
1114 3144 1137 3191 lt

142 3229 255 3276 recevoir
273 3243 332 3276 sans
350 3225 470 3288 scrupule
488 3242 553 3290 pour
570 3225 596 3273 le
614 3226 724 3289 premier
741 3226 857 3289 principe
876 3226 909 3274 de
924 3226 953 3291 ¹la
968 3224 1135 3289 philosophie
1161 3244 1162 3265 ³

144 3322 193 3372 que
209 3307 234 3367 J'e
253 3303 399 3355 cherchais»
421 3302 555 3365 (Discours
574 3322 617 3353 sur
636 3305 661 3353 la
680 3306 811 3366 Methode‚
831 3312 859 3365 4⁰
876 3303 982 3370 partie).
