2350 3700
428 152 466 187 nn
485 148 626 188 Mauortis.
970 148 1020 200 153

58 300 218 357 diversarum
239 317 338 358 rerum
352 309 523 358 constantes
537 298 713 357 affectiones
726 299 773 357 vel
796 297 938 358 actiones.
968 299 1021 357 Est

57 387 165 462 proinde
185 386 216 445 in
237 387 301 463 ipsa
322 406 355 447 re
376 388 453 447 haec
473 388 548 447 ratio
569 387 751 463 quaerenda.

103 475 183 533 Ratio
210 488 309 536 autem
337 479 414 536 haec
440 478 602 536 intrinseca
628 495 692 536 non
719 487 817 553 potest
844 494 909 536 esse
930 488 1021 536 status

52 584 93 623 seu
119 566 254 625 condicio
282 568 432 642 quaedam
459 568 654 636 vendentalis,
685 568 760 626 haec
790 567 886 638 enim,
917 576 1020 643 utpote

49 655 187 724 rariabilis,
209 658 398 714 constantiam
419 666 541 716 eventus
561 676 624 715 non
646 656 782 732 explicat.
818 658 872 715 Est
892 656 1020 731 proinde

48 744 110 801 haec
135 743 208 803 ratio
235 746 285 803 vel
312 746 343 803 in
371 745 435 822 ipsa
455 758 559 805 natura
580 746 751 805 immediate
780 745 953 821 quaerenda
973 748 1021 804 vel

48 832 72 889 in
90 836 218 909 propria,
251 835 335 911 quod
356 836 503 895 rationem
530 854 614 894 suam
633 834 665 893 in
685 847 791 894 natura
811 834 877 911 ipsa
896 835 1018 908 habere,

49 923 97 979 iam
121 923 234 982 scimus,
266 955 305 963 —
336 926 417 1000 Ergo
445 925 520 984 ratio
549 925 698 985 sufficiens
727 926 812 984 huius
833 925 1019 984 constantiae

51 1011 180 1070 invenitur
201 1012 234 1071 in
255 1014 323 1089 ipsa
343 1026 447 1073 natura
460 1018 476 1074 ¹.

28 1160 33 1253 i
299 1200 490 1250 APPENDIX:
511 1202 559 1250 DE
579 1200 754 1251 MEMORIA.

98 1324 241 1384 Memoria
263 1326 373 1402 duplex
395 1324 581 1400 distinguitur
601 1326 634 1384 in
654 1326 791 1385 homine:

101 1440 121 1477 1.
149 1424 302 1483 Memoria
325 1425 477 1482 sensitiva:
506 1435 550 1483 est
575 1424 713 1496 facultas,
744 1443 804 1499 qua
831 1424 962 1483 sentiens
990 1424 1021 1481 in

29 1494 31 1530 ¹
56 1507 210 1584 imaginibus
219 1512 378 1589 phantasia
386 1512 533 1572 revocatis
542 1513 671 1590 percipit
681 1525 849 1589 respectum
858 1514 989 1589 temporis
1000 1514 1019 1571 ².

101 1628 123 1666 2.
143 1611 294 1670 Memoria
314 1613 498 1671 intellectiva:
519 1622 563 1671 est
584 1612 648 1687 ipse
669 1612 850 1684 intellectus,
874 1622 1019 1687 quatenus

56 1696 220 1789 cognitiones
246 1720 313 1759 suas
334 1711 491 1760 conservat
511 1711 555 1773 et,
584 1720 639 1776 per
664 1700 856 1762 reflexionem
883 1701 1019 1759 insnum

54 1796 141 1860 actum,
161 1800 193 1849 ut
214 1792 369 1866 quondam
389 1790 504 1850 habitas
525 1791 723 1868 recognoscit.

102 1888 198 1962 Agitur
219 1889 271 1949 hic
290 1889 465 1966 praesertim
486 1891 525 1949 de
538 1891 684 1950 memoria
704 1890 892 1950 intellectiva.
931 1890 1020 1950 Circa

56 1976 168 2036 valorem
188 1979 276 2038 huius
297 1980 442 2040 facultatis
462 1983 538 2039 haec
560 1990 627 2038 sunt
647 1981 795 2039 notanda:

103 2094 124 2134 1.
152 2078 298 2136 Memoria
327 2103 427 2151 perse
453 2089 575 2152 positive
604 2081 635 2137 in
663 2098 789 2137 errorem
817 2099 874 2137 nvn
901 2080 1016 2137 inducit.

55 2161 150 2222 Dicitur
170 2169 308 2243 positive,
337 2168 355 2225 i.
378 2186 403 2227 e.
426 2167 458 2225 in
478 2168 527 2239 iis,
557 2187 634 2244 quae
656 2169 755 2228 refert.
797 2168 868 2227 Hoc
889 2169 1020 2243 sequitur

29 2253 30 2262 ’
55 2267 82 2307 ex
98 2254 240 2332 principio
261 2275 350 2332 supra
371 2258 514 2316 stabilito:
536 2258 644 2316 nullius
665 2257 746 2316 enim
761 2258 906 2316 facultatis
920 2257 1020 2334 cogni·

54 2338 115 2400 tivae
134 2356 229 2404 motus
249 2346 389 2404 naturalis
411 2357 456 2405 est
476 2347 515 2405 ad
536 2347 701 2407 falsitatem.

102 2461 124 2499 2.
145 2445 245 2504 Potest
259 2456 360 2504 tamen
374 2443 518 2504 memoria
532 2445 563 2504 in
578 2464 711 2505 errorem
725 2446 867 2505 inducere
881 2447 1019 2520 negative,

55 2527 67 2582 i.
81 2546 101 2586 e.
121 2550 178 2590 non
200 2536 454 2610 repraesentando
468 2553 531 2594 rem
545 2535 605 2593 iarn
620 2535 778 2612 cognitam,
800 2536 905 2596 utiam
920 2537 1020 2611 cogni-

54 2626 107 2676 tam.
146 2623 244 2682 Potest
265 2623 345 2682 enim
366 2624 510 2682 memoria
531 2625 661 2700 deficere,
684 2625 758 2684 sicut
779 2626 875 2684 omnis
897 2624 1020 2684 facultas

55 2706 127 2780 finita,
148 2711 220 2771 sicut
241 2713 320 2772 oculi
335 2732 360 2772 e.
377 2731 404 2788 g.
427 2713 580 2788 defatigati
594 2725 718 2790 possunt
732 2732 795 2773 non
808 2716 918 2774 videre.
948 2717 1019 2773 Hoc

54 2813 125 2855 sensu
148 2819 364 2878 saepenumero
391 2801 530 2861 dicimus:
561 2803 724 2862 «memoria
744 2823 793 2863 me
816 2803 921 2876 fallit»,
952 2815 1019 2863 sunt

58 2885 154 2960 t<lapsus
173 2891 366 2950 memoriae».

29 3135 35 3178 p
103 3099 110 3130 ¹
127 3103 205 3154 Huius
223 3107 259 3154 rei
278 3106 421 3156 uberiorem
438 3105 640 3171 explanationem
659 3107 809 3156 habebimus
823 3108 848 3156 in
862 3108 1019 3174 cosmologia

57 3189 74 3224 et
88 3179 109 3228 in
126 3185 326 3252 anthropologia.
503 3241 505 3245 ,

100 3258 163 3314 'De
181 3275 270 3316 natura
287 3267 362 3316 huius
380 3266 506 3316 facultatis
532 3283 633 3315 necnon
660 3267 692 3314 de
717 3266 771 3313 eius
797 3267 960 3314 distinctione
986 3268 1018 3312 ab

57 3338 98 3390 aliis
114 3346 226 3395 sensibus
245 3363 276 3396 ex
294 3348 409 3411 professo
428 3362 509 3395 sermo
529 3346 577 3393 erit
595 3346 620 3392 in
640 3344 842 3407 anthropologia.
