2350 3700
283 149 321 185 DE
340 150 467 186 UNITATE
487 150 606 186 PROPRIE
626 149 748 185 SUMPTA.
957 150 1007 200 243

83 297 134 354 Sic
153 297 273 354 uberius
285 298 382 355 unitas
402 296 668 356 transcendentalis
683 296 828 367 definitur,
850 307 881 354 ut
894 297 930 354 sit
944 315 1010 371 pro-

29 386 132 459 prietas
159 386 250 455 entis,
281 385 445 443 secundum
475 404 565 460 quam
595 395 640 443 est
670 385 827 443 indivisum
857 386 887 443 in
918 404 950 444 se
980 396 1010 445 et

28 474 148 532 divisum
168 494 187 531 a
207 475 340 549 quolibet
360 476 419 532 alio
441 470 565 549 (aliquid
582 497 616 521 =
640 474 720 531 aliud
742 474 823 549 quid,
845 491 935 533 omne
956 493 1009 533 ens

28 574 68 621 est
88 558 222 637 aliquid).

81 662 131 719 Ab
153 662 265 720 unitate
285 662 523 719 tramcendcnmli
547 660 776 735 distinguendae
804 670 884 719 sunt:
915 662 1009 720 unitas

25 751 230 809 mathematica
250 752 299 808 vel
319 750 472 808 numerica
492 760 522 808 et
542 751 675 808 unicitas.

81 849 189 907 Unitas
209 849 405 905 marmarica
418 850 466 906 vel
480 851 622 905 numerica
643 844 724 923 (ldie
738 842 850 922 Einst),
873 848 896 905 si
911 850 1009 908 stricte

25 939 158 1009 sumitur,
194 949 239 996 est
268 939 364 994 unitas
392 939 436 994 rei
461 945 585 1011 quantae
615 946 793 995 considerata
820 954 850 995 ut
878 960 1010 997 mensura

27 1036 193 1096 quantitatis,
220 1026 294 1084 sicut
322 1036 448 1084 metrum
475 1027 632 1084 assumitur
658 1036 689 1083 ut
717 1027 812 1083 unitas
836 1027 875 1085 ad
896 1045 1010 1085 mensu·

26 1116 129 1174 landas
156 1116 353 1174 extensiones.
396 1116 511 1173 Dicitur
538 1116 666 1191 proinde
687 1116 783 1173 unitas
802 1116 1010 1174 mathematica

25 1222 85 1263 esse
109 1205 293 1281 principium
313 1206 437 1263 numeri.
479 1205 626 1263 Definitur
646 1222 719 1262 vero
742 1222 883 1273 numerus,
906 1215 936 1262 ut
957 1206 1007 1263 sit:

25 1296 168 1352 multiucdo
190 1301 353 1351 mamurata
367 1303 425 1369 per
444 1314 548 1364 unum,·
574 1294 722 1351 multitudo
744 1303 842 1351 autem
863 1306 915 1365 est,
936 1296 1014 1369 quod

24 1393 57 1440 est
78 1403 116 1442 ex
138 1383 214 1453 uniS,
239 1400 366 1457 quorum
387 1401 477 1440 unum
498 1401 561 1440 non
582 1392 626 1440 est
647 1384 799 1440 alterum¹.

78 1481 218 1541 Unicitas
240 1490 339 1538 autem
361 1475 440 1555 (xdie
456 1476 654 1555 Einzigkeit»)
677 1490 720 1538 est
740 1481 836 1539 unitas
857 1480 900 1539 rei
914 1481 1010 1539 taliter

24 1572 130 1629 divisae
146 1590 164 1627 a
179 1570 313 1644 quolibet
327 1569 395 1640 alio,
410 1580 441 1627 ut
455 1569 627 1627 excludatur
642 1570 811 1627 exsistentia
825 1564 897 1644 (sive
913 1580 1009 1627 actua·

25 1660 47 1718 is
69 1670 197 1729 tantum,
220 1658 281 1716 sive
302 1659 391 1716 etiam
412 1652 570 1734 possibilis)
593 1659 669 1716 entis
690 1658 824 1716 eiusdem
845 1660 958 1717 ordinis
979 1669 1008 1717 et

24 1750 157 1807 {ntitatis
201 1748 250 1804 Sic
271 1748 352 1805 Deus
373 1747 480 1805 dicitur
501 1764 566 1805 esse
587 1766 662 1805 unus
679 1769 712 1793 =
735 1748 847 1805 unicus.

75 1850 184 1908 Unum
205 1845 463 1905 transcendentale
485 1857 514 1904 et
528 1865 619 1904 unum
639 1846 825 1904 numericum
846 1857 875 1904 et
888 1846 1008 1905 unicum

24 1946 215 2014 >pponuntur
236 1935 422 2008 multitudini,
444 1936 580 1994 sednon
603 1936 711 1993 eodem
732 1935 831 1994 modo.

76 2038 185 2095 Unum
207 2034 465 2092 transcendentale
487 2033 648 2109 opponitur
662 2034 840 2092 multitudini
862 2045 893 2091 ut
907 2035 1009 2091 indivi-

24 2145 78 2184 um
101 2124 219 2195 divis03
241 2141 331 2180 unum
345 2124 530 2180 numericum
547 2124 709 2197 opponitur
722 2122 909 2195 multitudini,
932 2141 1008 2197 quae

24 2227 56 2272 est
68 2231 226 2283 numerus,
241 2222 273 2268 ut
281 2230 420 2270 mensura
430 2222 617 2285 mensurato,
631 2212 752 2270 unicum
761 2229 833 2270 vero
849 2213 1007 2287 specialem

24 2305 94 2362 llam
113 2301 396 2361 determinationem
410 2300 502 2371 addit,
524 2311 555 2358 ut
570 2301 706 2359 excludat
721 2301 918 2359 exsistentiam
933 2300 1008 2358 entis

24 2394 155 2452 eiusdem
177 2389 289 2447 ordinis
310 2400 339 2448 et
360 2389 517 2448 entitatis¹.

342 2581 359 2648 ξ
379 2597 402 2633 2.
434 2585 551 2648 Species
570 2585 693 2634 unitatis.

76 2717 190 2778 Unitas
211 2715 477 2775 transcendentalis
498 2716 617 2775 diverso
638 2717 729 2774 modo
752 2716 946 2790 distinguitur,
968 2717 1009 2774 ita

25 2823 39 2869 t
64 2810 121 2868 sit:
144 2807 242 2864 unitas
262 2806 350 2863 realis
371 2815 400 2863 et
420 2807 518 2862 unitas
538 2807 643 2880 logica.

24 3021 194 3081 istinguatur
212 3017 244 3064 ab
263 3017 332 3076 aliis,
353 3017 409 3082 ipsa
427 3017 536 3065 essentia
555 3017 645 3076 creati,
674 3017 811 3065 secundum
830 3016 899 3081 quod
917 3023 955 3063 est
974 3015 1008 3062 in-

24 3103 101 3152 ivisa
120 3098 146 3144 in
165 3113 192 3146 se
211 3105 236 3145 et
255 3098 412 3160 distinguens
431 3097 463 3145 ab
482 3096 551 3156 aliis,
577 3105 615 3145 est
641 3096 722 3145 unitas
746 3098 822 3145 eius.»
857 3096 896 3144 ct.
916 3096 1008 3158 Lepidi,

27 3185 104 3232 lem.
124 3177 218 3242 philos.
238 3177 322 3225 christ.
341 3177 374 3235 ll,
394 3177 428 3237 46
447 3185 472 3224 et
491 3186 532 3236 47.

86 3259 94 3288 ¹
115 3259 141 3306 S.
164 3258 251 3306 Thana.
270 3257 291 3316 I,
311 3257 368 3305 dist.
390 3269 431 3316 24,
451 3273 475 3320 q.
498 3269 519 3315 1,
540 3273 562 3304 a.
582 3269 597 3316 3
618 3257 650 3302 ad
670 3268 692 3304 2.

82 3335 96 3367 ²
115 3339 141 3387 S.
165 3338 259 3396 Thom,
279 3337 304 3385 S.
325 3336 402 3385 theol.
422 3337 442 3394 I,
462 3351 486 3397 q.
509 3347 548 3392 11,
569 3352 591 3382 a.
612 3347 635 3380 2.
