2350 3700
138 141 281 177 DIVERSAE
301 141 486 178 SENTENTIAE
505 140 592 177 CIRCA
612 140 790 185 QUAL1TATES
810 140 978 177 SENSlBlLES.
1018 140 1068 192 359
1161 124 1162 127 ¹

76 292 217 350 dicuntur
236 290 360 348 sensilia.
389 288 547 363 Quantitas
567 299 667 347 autem
688 290 761 365 ipsa,
784 288 830 347 his
852 288 1008 348 sensilibus
1028 290 1070 347 in·

74 390 204 452 structa,
232 381 378 455 quantitas
404 389 528 437 vocatur
552 379 705 449 sensibilis,
736 388 767 437 ut
787 388 957 455 opponatur
979 396 1070 454 quan-

76 471 155 528 titati
183 469 370 544 intellegibili
399 470 448 527 vel
477 468 705 528 mathematicae
721 469 737 528 ¹.
781 467 908 528 Sensilia
938 467 1070 544 denique

77 560 190 618 scimus
210 559 269 616 alia
289 575 353 617 esse
375 557 505 633 propria,
528 558 585 616 alia
608 558 809 616 communia².

140 649 278 721 Quorum
305 646 455 705 sensilium
484 646 650 705 realitatem
677 646 856 706 obiectivam
889 646 1071 723 antiquiores

77 737 252 815 philosophi
274 736 336 795 fere
357 754 463 806 omnes
484 755 545 795 uno
567 754 621 795 ore
641 735 824 796 admiserunt
840 754 933 812 usque
948 736 987 795 ad
1002 738 1071 795 Car·

78 827 147 886 tesii
168 836 313 902 tempora,
335 826 387 902 qui
404 826 654 901 «persuasionem,
678 826 820 902 quamde
835 826 968 885 realitate
984 826 1072 885 sensi·

78 916 186 975 bilium
214 934 291 990 quae
321 914 443 991 propria
470 914 610 974 dicuntur
637 915 795 987 habemus,
826 915 938 991 primus
958 914 1071 974 maiore

79 1025 151 1065 cum
172 1005 314 1064 scientiae
334 1015 479 1081 apparatu
499 1005 682 1063 labefactare
703 1015 827 1063 conatus
848 1015 920 1063 est».
953 1003 1071 1063 Exinde

79 1093 266 1171 percelebris
285 1094 336 1151 illa
356 1093 560 1152 controversia
576 1092 684 1153 exarsit
698 1094 736 1153 de
751 1093 884 1153 realitate
900 1093 1072 1168 qualitatum

79 1182 277 1243 sensibilium.
316 1182 387 1256 Qua
405 1181 437 1240 in
458 1201 491 1241 re
512 1182 660 1241 sententia
679 1182 855 1241 scholastica
876 1182 1073 1241 communiter

80 1276 161 1332 haec
182 1283 259 1332 erat:
290 1271 472 1345 «Qualitatcs
498 1272 639 1330 scno'bilas
665 1281 812 1347 carporum
839 1290 932 1330 anrnas
952 1278 1074 1347 aparte

80 1365 129 1421 rei
147 1363 288 1419 exstimat
307 1361 430 1419 absolute
449 1362 598 1420 secandum
619 1380 680 1419 cum
700 1362 860 1420 obiectivam
878 1362 998 1431 madum,
1019 1380 1073 1436 qua

12 1443 13 1504 ζ
79 1454 164 1510 sanis
184 1451 307 1509 semibus
325 1451 376 1508 sab
395 1451 597 1509 condicionibus
617 1457 740 1509 naturae
768 1451 923 1509 ordinarias
950 1471 969 1508 a
996 1450 1074 1509 nabis

80 1541 363 1617 apprehenduntur.»
378 1540 389 1572 ⁸

149 1715 168 1783 ξ
189 1731 212 1769 2.
243 1719 407 1769 Sententiae
426 1719 631 1770 nonnullorum
650 1719 806 1769 recentium
824 1727 1011 1783 exponuntur.

147 1841 320 1902 Sententiae
341 1841 469 1903 Scholae
497 1840 578 1902 circa
608 1841 788 1902 obiectivam
818 1842 981 1903 realitatem
1011 1862 1075 1902 sen·

81 1933 184 1992 silium
212 1933 379 2008 complures
406 1951 443 1991 ex
470 1932 686 1991 recentioribus
716 1931 938 2005 contradicunt,
974 1931 1074 2009 idque,

82 2023 158 2098 quia
182 2022 368 2080 ‹realismum
389 2021 470 2079 illum
491 2021 654 2097 puerilem»
678 2020 802 2080 scientia
823 2021 946 2098 physica
960 2019 1075 2081 invictis

81 2110 269 2186 argumentis
289 2109 477 2187 profligatum
499 2129 563 2169 esse
585 2121 746 2169 autumant.
774 2111 881 2169 Putant
897 2112 977 2170 enim
991 2111 1076 2170 disci·

13 2255 18 2273 ,
82 2199 185 2276 plinas
212 2200 350 2275 physicas
376 2199 506 2276 probare
538 2200 658 2258 «calores
685 2217 750 2259 esse
777 2210 874 2259 motus
903 2199 1076 2260 vibrationis

13 2294 15 2305 ’
82 2287 217 2348 aetheris
243 2290 291 2347 vel
318 2288 407 2348 etiarn
436 2307 648 2365 corporearum
676 2287 901 2366 particularum,
930 2289 981 2366 qui
1008 2309 1076 2349 cum

81 2377 213 2436 finitimo
228 2379 348 2438 aethere
362 2379 637 2453 communicentur3
658 2379 729 2438 item
744 2379 862 2437 calorem
877 2379 935 2437 hoc
950 2379 1077 2438 aetheris

14 2458 15 2461 ¹
82 2468 135 2527 vel
157 2466 247 2526 etiam
268 2468 312 2526 rei
331 2466 536 2544 ponderabilis
556 2477 640 2526 motu
654 2468 815 2527 vibratorio
829 2469 959 2542 absolvi3
980 2469 1078 2527 adores

83 2575 153 2616 esse
175 2556 334 2633 particulas
355 2575 525 2632 corporum,
548 2575 625 2632 quae
647 2557 771 2616 olfactus
787 2557 1006 2616 membranulas
1020 2557 1078 2616 vel-

82 2645 196 2719 licent3
226 2653 340 2722 sapores
367 2663 431 2705 esse
458 2655 556 2704 motus
585 2646 763 2722 papillarum
793 2645 1017 2724 organicamm3
1046 2647 1078 2704 id

84 2745 206 2806 autem,
235 2733 318 2810 quod
338 2733 492 2794 videamur
512 2735 600 2794 nobis
627 2736 798 2812 percipere,
827 2735 901 2794 nihil
929 2755 993 2795 esse
1021 2735 1078 2794 nisi

84 2824 213 2882 modum
234 2822 463 2884 determinatum
484 2823 604 2900 organis
626 2823 788 2901 proprium,
810 2826 974 2884 secundum
988 2844 1078 2902 quem

153 3010 161 3041 ¹
181 3012 221 3061 Cf.
241 3027 316 3076 supra
333 3029 360 3077 p.
379 3023 440 3074 330.

151 3089 222 3143 ‘ct
241 3108 318 3158 supra
342 3110 368 3158 p.
391 3104 448 3155 139.
469 3119 501 3126 -
528 3092 567 3140 Ex
593 3093 666 3143 dictis
691 3109 752 3142 vero
778 3094 804 3140 in
830 3092 960 3158 ontologia
987 3094 1079 3143 scimus

86 3189 192 3239 quoque
211 3173 344 3238 qualitates
362 3173 433 3234 illas,
458 3180 581 3238 quatenus
601 3173 741 3224 consistunt
760 3173 786 3222 in
805 3173 953 3222 alteratione
971 3175 1008 3223 rei
1028 3190 1079 3222 cor-

86 3269 192 3320 poreae,
212 3253 299 3303 vocari
317 3254 446 3319 qualitates
458 3254 572 3318 patibiles
593 3251 637 3318 (cf.
658 3253 797 3317 Ontologia
815 3271 840 3317 p.
862 3250 935 3316 283).

151 3333 258 3385 'Pescla
276 3335 293 3383 1.
313 3351 335 3384 o.
