2350 3700
118 162 171 215 350
206 174 211 183 ·
400 164 437 199 DE
456 163 645 207 QUANTITATE
665 163 823 200 CORPOREA.

118 312 197 369 Nam
217 322 279 369 tum
300 311 388 370 nudis
407 312 501 370 oculis
520 322 583 369 tum
601 312 807 387 microscopiis
828 311 968 369 videmus
985 326 1124 385 corpora

118 418 184 459 esse
204 402 294 476 plena
314 402 404 477 poris,
426 402 557 476 angustis
578 418 689 476 nempe
710 400 905 459 foraminibus
928 410 1026 476 atque
1042 417 1124 457 mea·

118 490 203 548 tibus.
225 490 371 566 idipsum
386 490 529 565 appositis
543 488 753 565 experimentis
768 490 932 565 colligitur3
948 506 1123 565 corporum

118 580 200 637 enim
220 578 355 637 dilatatio
376 589 464 654 atque
486 580 670 651 contractio,
693 580 846 654 absorptio
868 590 1038 637 extraneae
1062 597 1124 635 ma·

118 668 211 726 teriae
232 667 296 726 sine
317 668 475 726 voluminis
495 678 671 743 augmento,
700 668 900 743 pelluciditas,
927 686 1010 743 quae
1035 668 1124 725 innu-

119 774 218 815 meros
238 767 351 815 meatus
372 776 428 833 pro
455 757 579 815 transitu
608 758 680 816 lucis
707 757 864 833 supponit,
894 758 1125 815 moleeularum

120 844 246 903 vibratio
266 847 297 903 in
318 864 408 916 sonu,
437 846 469 903 in
489 847 605 916 calore,
634 845 664 904 in
686 846 850 917 coloribus,
882 865 960 921 qnae
981 845 1125 904 vibratio

120 934 184 992 sine
204 934 417 993 molecularum
444 936 565 1011 aliquali
593 935 731 993 distantia
758 936 862 1010 nequit
889 953 968 1006 esse,
999 935 1124 993 dictam

120 1024 275 1082 veritatem
296 1024 433 1083 ostendit.

182 1133 208 1171 2.
235 1115 340 1171 «Haec
360 1114 486 1189 spatiola
506 1123 606 1172 autem
627 1131 690 1171 non
705 1125 771 1172 sunt
786 1114 909 1172 omnino
923 1132 1038 1188 vacua3
1062 1113 1123 1171 sed

121 1202 218 1260 subtili
240 1213 270 1260 et
289 1202 371 1261 tenui
392 1204 522 1277 quadam
550 1204 675 1261 materia
699 1204 866 1278 replentur:
894 1222 1000 1278 purum
1031 1202 1121 1261 enim

120 1309 246 1349 vacuum
280 1310 344 1349 non
377 1293 479 1363 datur,
514 1310 633 1351 vocatum
667 1294 740 1349 enim
768 1292 929 1369 perfectum
959 1293 1037 1349 nihil
1064 1298 1119 1347 est.

121 1382 294 1451 Praeterea,
322 1381 354 1437 in
382 1381 530 1440 continuis
557 1381 634 1453 istis,
663 1400 740 1456 quae
761 1400 855 1455 penes
876 1400 932 1439 nos
953 1391 1119 1456 apparent,

120 1487 180 1526 una
207 1470 356 1528 molecula
382 1470 443 1545 agit
472 1470 504 1528 in
531 1472 672 1545 alteram3
702 1471 756 1529 sed
783 1472 807 1529 si
834 1490 894 1528 una
921 1470 1047 1528 distaret
1076 1470 1121 1526 ab

122 1559 228 1630 altera,
251 1558 316 1617 sine
336 1560 396 1617 ulla
416 1561 579 1618 substantia
600 1560 764 1631 interiecta,
789 1560 867 1618 soret
886 1569 958 1617 tunc
979 1560 1062 1617 actio
1087 1560 1123 1616 in

122 1647 243 1717 distans,
266 1649 349 1722 quod
370 1666 435 1707 esse
455 1668 519 1708 non
539 1659 665 1724 potest.»
682 1652 689 1683 ¹

183 1756 210 1810 3.
233 1737 323 1794 Cuius
344 1748 443 1795 autem
463 1749 586 1797 naturae
609 1739 645 1796 sit
665 1738 815 1796 vinculum
833 1737 914 1809 illud,
937 1755 999 1813 quo
1014 1748 1122 1815 partes

122 1843 214 1883 unum
235 1826 357 1901 aliquod
378 1826 525 1900 efficiunt,
554 1828 704 1886 constabit
724 1845 761 1887 ex
781 1826 831 1899 iis,
862 1844 940 1902 quae
963 1828 1048 1886 circa
1069 1848 1122 1886 na·
1167 1863 1168 1866 =

124 1926 220 1973 turam
242 1934 403 1992 corporum
423 1916 554 1975 dicenda
574 1927 650 1975 sunt.

510 2094 677 2142 Anrrcutos
697 2105 726 2141 11.

332 2207 380 2255 DE
399 2207 640 2268 QUANTITATIS
659 2208 901 2257 LIMITATIONE.

186 2329 398 2388 Extensionem
429 2349 590 2406 corporum
619 2330 737 2389 illorum
767 2331 917 2402 omniurn,
954 2349 1035 2406 quae
1070 2350 1116 2389 ex·

125 2419 272 2493 perientia
299 2419 399 2477 sensili
433 2430 500 2477 sunt
527 2420 663 2494 cognita,
692 2420 846 2478 limitatam
868 2439 948 2492 esse,
978 2421 1113 2496 apprime
1165 2461 1166 2478 r

126 2518 313 2583 compertum
334 2520 386 2566 est.
416 2511 524 2568 Utrum
544 2527 617 2568 vero
638 2509 771 2568 extensio
793 2512 915 2567 omnium
929 2513 1044 2568 omnino
1060 2529 1114 2568 cor·

70 2629 75 2634 -
121 2606 226 2672 porum
247 2599 466 2655 coexsistentium
487 2597 523 2656 sit
544 2598 608 2656 sine
626 2599 718 2657 limite
733 2616 840 2670 necne,
863 2598 1037 2674 cognitione
1053 2616 1115 2658 sen·
1164 2653 1165 2678 Τ

127 2685 172 2742 sili
193 2687 365 2745 immediate
386 2706 449 2745 non
470 2698 603 2763 apparet.
640 2689 730 2747 Unde
753 2705 789 2746 ex
811 2688 925 2746 ratione
948 2687 1113 2762 quaeritur:

188 2785 291 2841 Utrum
311 2786 395 2842 detur
413 2788 460 2844 uel
477 2787 547 2843 dari
558 2788 652 2863 possit
670 2788 817 2862 quantitas
836 2788 952 2862 infinita
973 2804 1064 2844 necne.

189 2909 284 2957 status
304 2909 486 2970 quaestionis.
515 2901 622 2975 Agitur
642 2902 692 2960 hic
713 2901 751 2960 de
771 2903 934 2977 quantitate
949 2901 1115 2960 dimensiva
1163 2879 1164 2933 l

128 2986 176 3044 vel
197 3005 358 3062 corporea,
386 3007 449 3046 non
477 2998 575 3047 autem
604 2991 642 3048 de
668 2990 831 3065 quantitate
852 2989 973 3049 virtutis.
1016 2991 1114 3064 Quam

129 3075 251 3145 quidem
285 3076 480 3148 quantitatem
509 3079 674 3150 generatim
705 3079 856 3155 duplicem
891 3097 955 3138 esse
991 3079 1112 3136 scimus:

128 3158 300 3216 continuam
320 3161 433 3220 scilicet
454 3173 484 3220 et
504 3165 672 3223 discretam.

192 3324 200 3353 ¹
217 3328 305 3389 Lepidi
320 3333 336 3378 l.
357 3349 377 3380 c.
398 3336 442 3394 111,
464 3349 505 3397 93.
526 3350 567 3397 94.
