2350 3700
217 187 354 232 Quouono
372 188 459 225 NOEIO
477 186 562 225 utitis
580 188 780 227 EFFORMETUR.
937 188 985 225 211

79 333 173 391 Perfici
192 345 291 394 autem
311 346 408 411 potest
434 337 511 395 haec
537 336 622 395 notio
642 336 674 394 in
694 344 796 395 mente
816 352 867 407 eo,
897 335 988 411 quod,

32 421 160 492 reflexione
171 425 310 494 instituta,
325 425 446 485 ulterius
458 426 535 485 haec
545 424 620 484 ratio
635 424 840 484 consideratur
853 432 991 501 quatenus

32 509 148 570 omnibus
166 514 255 572 rebus
268 515 418 583 convenit,
440 514 481 573 ita
501 525 533 573 ut
551 516 603 573 fiat
623 513 796 573 universalis
810 515 920 588 reflexa
932 518 948 572 ¹.

77 600 137 673 Qua
156 602 277 677 quidem
298 603 459 663 reflexione
480 603 619 676 instituta,
641 604 716 663 haec
737 614 898 679 apparent:

79 709 100 747 1.
128 690 257 763 Quando
285 704 449 768 conceptus
476 692 552 751 entis
572 693 613 752 ad
639 692 781 751 inferiora
802 711 854 751 sua
874 702 990 751 contra·

28 776 97 850 hitur,
115 780 171 838 hoc
190 800 254 839 non
275 783 307 840 fit
327 782 481 841 additione
495 781 635 841 realitatis
648 800 746 840 novae
766 782 807 839 ad
827 781 990 840 realitatem

27 867 101 937 entis,
126 870 178 928 sed
198 872 233 928 fit
252 888 309 942 eo,
337 870 421 946 quod
447 882 549 947 aperte
575 870 748 947 exprimitur
775 870 887 945 aliquid
914 871 991 928 intra

27 969 184 1033 conceptum
205 959 292 1031 entis,
314 961 396 1035 quod
417 971 505 1019 antea
525 960 556 1017 in
575 978 614 1019 eo
635 958 799 1018 formaliter
819 976 990 1035 expressum

25 1062 73 1102 nou
92 1057 159 1107 erat.

70 1137 105 1193 Et
124 1155 156 1196 re
178 1138 303 1212 quidem
322 1156 410 1210 vera,
436 1139 559 1213 quando
579 1138 682 1197 vivens
709 1155 735 1197 e.
758 1156 785 1213 g.
808 1136 991 1197 contrahitur

25 1205 53 1278 hd
68 1225 186 1285 inferius
212 1246 299 1285 suum
320 1226 466 1298 sentiens,
494 1229 543 1286 vel
563 1227 674 1285 animal
701 1227 741 1285 ad
762 1226 883 1286 inferius
907 1245 991 1285 suum

25 1313 161 1392 ,rationale
193 1317 254 1374 hoc
279 1318 311 1374 fit
339 1334 411 1374 vera
437 1317 590 1375 additione
619 1316 740 1374 rationis
770 1316 922 1375 cuiusdam
953 1316 992 1374 ad

25 1395 166 1477 tationem,
196 1405 269 1481 quia
288 1406 363 1463 ratio
387 1408 553 1465 «sentiens»
576 1405 743 1464 iuratione
767 1405 915 1477 «vivens»,
943 1406 991 1464 vel

49 1492 83 1550 tio
110 1495 294 1553 ‹rationale›
323 1494 355 1552 in
385 1495 499 1554 ratione
530 1495 675 1553 «animal»
705 1496 787 1552 nullo
814 1495 921 1566 modo,
952 1513 991 1553 ne

29 1583 128 1641 confuse
156 1584 296 1659 quidem,
324 1583 510 1657 continetur3
536 1583 622 1641 aliter
649 1594 747 1643 autem
775 1600 821 1641 res
850 1602 882 1641 se
902 1584 993 1642 habet

40 1668 88 1728 'rca
119 1673 269 1731 rationem
303 1672 379 1731 entis
413 1674 452 1731 ad
481 1672 624 1732 inferiora
657 1690 722 1732 sese
755 1672 990 1731 contrahentem.

26 1756 95 1818 llaec
114 1762 197 1821 enim
221 1762 296 1821 ratio
316 1762 347 1820 in
368 1773 430 1821 tota
450 1782 503 1821 sua
529 1762 684 1821 latitudine
705 1759 778 1820 dicit
798 1761 870 1819 illud
892 1780 990 1834 omne,

26 1852 90 1920 quod
108 1872 170 1912 non
185 1863 233 1912 est
245 1853 328 1924 nihil,
350 1863 379 1911 et
393 1853 520 1928 proinde
542 1853 631 1911 etiam
649 1850 797 1927 quaslibet
810 1850 992 1910 differentias

26 1939 92 1999 entis.
124 1944 187 2002 Sed
202 1960 255 2001 eas
268 1941 405 2017 exprimit
418 1952 540 2014 tantum,
563 1954 595 2000 ut
614 1942 726 2000 habent
747 1941 893 2000 rationem
907 1941 991 2012 entiS,

25 2043 181 2091 nouantem
197 2032 361 2090 secundum
376 2050 478 2090 earum
492 2029 782 2091 determinationem.
805 2031 891 2104 Quae
906 2030 993 2104 igitur

26 2116 155 2180 adduntur
184 2121 226 2179 ad
247 2121 347 2179 ideam
367 2121 444 2179 entis
464 2120 507 2179 sic
528 2120 779 2189 contrahendam,
808 2136 912 2178 revera
933 2137 994 2177 non

26 2206 154 2268 idduutur
175 2209 319 2281 utentia,
341 2209 412 2284 quia
432 2209 490 2267 iam
512 2209 543 2266 in
564 2210 629 2285 ipsa
648 2209 773 2267 notione
794 2209 991 2278 continentur,

26 2296 62 2353 ‘cd
82 2309 185 2374 aperte
208 2298 418 2374 exprimuntur,
441 2308 585 2373 quatenus
600 2307 687 2356 antea
704 2297 734 2354 in
750 2307 898 2372 conceptu
918 2296 993 2355 entis

27 2383 169 2447 'ormaliter
185 2404 326 2462 expressa
334 2407 397 2445 non
407 2398 500 2445 erant.
530 2388 616 2460 Quae
626 2387 764 2445 doctrina
778 2385 993 2461 compendiose

27 2477 197 2535 inonnullis
217 2475 259 2534 ita
279 2476 460 2551 exprimitur,
482 2486 514 2534 ut
535 2476 649 2534 dicant:
677 2475 829 2551 Conceptus
849 2475 994 2533 obiectiams

28 2566 78 2620 uiis
96 2574 130 2623 ut
141 2567 183 2624 sic
195 2566 238 2622 ad
247 2565 393 2639 inferiora
406 2565 586 2623 contrahitur
606 2583 663 2622 non
678 2573 885 2636 compositione
904 2581 993 2622 meta-

28 2651 132 2714 mystea,
152 2656 206 2704 sed
225 2654 432 2716 compositione
451 2655 545 2717 logica
554 2652 573 2704 ².

71 2754 94 2792 2.
116 2734 212 2793 Notio
234 2734 310 2793 entis
330 2734 395 2792 talis
417 2744 476 2806 est,
498 2747 530 2792 ut
550 2735 613 2793 sine
635 2733 685 2792 illa
705 2733 778 2792 nihil
800 2732 924 2792 omnino
945 2752 994 2808 ap·

29 2822 156 2883 uehendi
177 2823 286 2899 possit:
309 2842 346 2882 ex
360 2822 447 2882 dictis
461 2823 542 2882 enim
556 2833 682 2900 apparet
702 2824 797 2898 ipsam
812 2822 843 2879 in
857 2822 995 2880 omnibus

29 2909 73 2969 liis
91 2912 278 2982 notionibus,
301 2912 413 2988 quippe
434 2932 512 2988 quae
533 2913 591 2972 sint
612 2911 753 2971 iuferiora
773 2911 871 2987 ipsius,
893 2929 995 2972 neees-

29 3001 85 3058 ario
106 3001 229 3061 includi.
264 3002 356 3061 Unde
376 3003 408 3061 fit
429 3004 526 3073 etiam,
548 3012 580 3060 ut
601 3011 719 3060 ceterae
737 3000 875 3060 notiones
890 3019 994 3060 omnes

30 3105 45 3144 n
71 3092 226 3150 notionem
256 3092 332 3150 entis
361 3091 470 3150 resolvi
499 3092 622 3167 possint.
671 3091 864 3165 Quapropter
893 3088 996 3148 dicunt

30 3179 164 3238 lotionem
185 3180 262 3240 entis
283 3198 348 3239 esse
369 3182 501 3239 omnium
523 3179 650 3256 primam
671 3181 702 3237 in
722 3179 821 3237 ariane
840 3179 934 3252 logico.

75 3375 82 3404 ¹
103 3377 143 3425 ci.
163 3377 261 3443 Logica
279 3393 304 3440 p.
325 3387 367 3423 21.
391 3384 447 3434 147.
521 3371 591 3421 ²Cf.
611 3373 692 3429 Frtck,
712 3372 772 3419 Ont.
791 3389 817 3434 p.
840 3383 879 3430 13.

781 3457 836 3515 14*
