2350 3700
143 131 193 183 252
253 133 291 169 DE
311 132 554 169 PROPRIETATlBUS
573 132 657 169 ENTIS
677 132 1022 169 TRANSCENDENTALIBUS.
1100 12 1158 153 1

195 279 313 339 Veritas
334 278 384 337 illa
397 289 496 355 potest
516 280 700 339 considerari
721 280 782 339 sive
804 279 834 337 in
850 279 1004 338 intellectu
1028 276 1136 337 divino

134 368 196 427 sive
218 367 249 425 in
270 368 421 427 intellectu
442 379 553 427 creato.

195 458 226 515 Si
247 456 452 516 consideratur
474 457 506 514 in
526 458 678 517 intellectu
698 459 817 530 divine,
845 468 918 515 tunc
939 469 984 516 est
1006 467 1139 515 aeterna

135 557 164 605 et
185 546 375 604 immutabilis
395 545 555 621 sicutipse
576 549 666 618 Deus,
689 558 718 605 et
739 547 924 605 considerari
945 546 1046 605 debet
1066 556 1139 603 tam·

135 654 225 709 quam
247 654 336 693 cansa
356 635 534 711 exemplaris
554 646 584 693 et
606 635 739 695 efficiens
762 636 893 695 veritatis
913 636 1139 694 transcenden-

135 723 200 781 talis
220 742 328 783 rerum.

198 813 229 871 Si
260 813 464 871 consideratur
494 812 525 871 in
553 812 706 873 intellectu
736 824 852 883 creat0,
888 824 962 871 tunc
991 831 1063 871 non
1097 822 1142 870 est

135 911 257 959 aeterna
271 902 325 960 sed
339 902 527 977 contingens
548 913 578 961 et
593 902 778 962 considerari
798 903 890 961 debet
903 912 934 959 ut
949 901 1141 976 dependens

135 1009 153 1047 a
180 990 303 1049 veritate
332 992 585 1050 transcendentali
614 1011 721 1051 rerum.
764 994 803 1049 Et
829 991 900 1050 ideo
920 991 1036 1049 veritas
1059 1000 1140 1048 tran-

134 1080 333 1138 scendentalis
361 1099 457 1140 rerum
479 1100 512 1140 se
539 1082 631 1141 habet
652 1081 691 1139 ad
718 1080 872 1139 veritatem
900 1081 1068 1138 formalem
1097 1079 1139 1135 in·

135 1169 270 1227 tellectus
291 1170 382 1227 creati
403 1181 435 1227 ut
456 1189 595 1228 mensura
616 1171 655 1229 ad
669 1181 889 1243 mensuratum3
911 1170 950 1229 ad
972 1170 1136 1227 veritatem

135 1268 234 1315 autem
269 1258 425 1317 formalem
459 1258 625 1317 intellectus
659 1258 752 1317 divini
787 1268 818 1316 ut
852 1268 1062 1317 mensuratum
1098 1255 1137 1313 ad

135 1363 312 1404 mensuram.

195 1436 272 1493 Cum
299 1447 397 1495 autem
417 1436 526 1495 veritas
555 1436 686 1495 formalis
707 1436 872 1495 intellectus
893 1437 953 1494 Dei
983 1436 1021 1494 sit
1044 1454 1139 1494 causa

135 1524 232 1583 omnis
259 1526 403 1595 veritatis,
430 1525 538 1584 veritas
564 1545 620 1600 per
647 1526 727 1601 prius
756 1525 863 1584 dicitur
890 1526 930 1583 de
951 1525 1084 1583 veritate
1108 1524 1138 1579 in

136 1614 348 1687 cognoscendo
370 1631 461 1689 quam
482 1616 520 1673 de
540 1614 664 1673 veritate
686 1614 717 1671 in
738 1615 874 1673 essendo.

197 1723 222 1759 2.
245 1703 363 1762 Veritas
383 1705 414 1760 in
435 1703 632 1779 significando
652 1706 700 1762 vel
721 1706 855 1772 nmralis,
884 1722 963 1778 quae
995 1714 1044 1762 est
1068 1704 1158 1761 con-l

136 1791 268 1850 formitas
289 1794 336 1852 vel
357 1793 536 1869 adaequatio
551 1792 696 1852 sermonis
716 1793 756 1852 ad
771 1784 947 1852 sententiam
968 1792 1139 1868 loquentis.
1157 1744 1158 1832 l

196 1882 419 1956 Compendiose
441 1883 569 1958 proinde
591 1893 654 1941 tota
674 1884 749 1940 haec
764 1883 900 1941 doctrina
921 1882 965 1940 sic
982 1883 1139 1940 declarari

136 1979 247 2044 potest:
276 1972 393 2030 Veritas
414 1971 511 2047 primo
539 1981 583 2030 est
604 1971 635 2029 in
656 1971 807 2030 intellectu
829 1971 887 2030 Dei
915 1973 1141 2046 cognoscentis

135 2078 218 2116 suam
240 2060 414 2134 essentiam3
437 2060 579 2132 secundo,
602 2061 634 2118 in
649 2061 737 2118 rebus
751 2059 867 2131 creatis,
889 2070 1045 2135 quatenus
1061 2061 1139 2119 ideis
1155 2121 1156 2124 Ἴ

135 2146 242 2206 divinis
263 2159 329 2207 sunt
350 2149 537 2224 conformes3
559 2149 656 2219 terti0,
678 2149 709 2207 in
730 2149 882 2208 intellectu
898 2159 1007 2207 creato
1023 2168 1139 2226 cogno

135 2247 236 2295 scente
251 2239 393 2296 essentias
407 2249 623 2311 creaturarum,
646 2249 752 2313 quarto
767 2237 907 2312 denique,
929 2237 959 2294 in
976 2256 1136 2308 sermone,

135 2335 280 2398 quatenus
302 2326 464 2384 conformis
484 2338 529 2385 est
550 2326 625 2385 ideis
645 2326 761 2386 nostrie.

196 2415 340 2472 Ultimum
361 2433 433 2473 vero
460 2415 687 2474 fundamentum
708 2417 806 2474 omnis
826 2414 957 2474 veritatis
984 2435 1026 2474 ex
1049 2417 1137 2476 dictis

135 2503 223 2561 facile
238 2503 386 2578 colligitur
401 2522 465 2562 esse
479 2505 574 2580 ipsam
589 2505 749 2563 essentiam
764 2504 830 2575 Dei,
846 2503 897 2579 qui
911 2513 955 2563 est
971 2517 1137 2565 aeternum
1153 2537 1154 2540 =

135 2593 360 2651 fundamentum
389 2593 486 2651 omnis
507 2611 580 2652 esse.
624 2593 684 2652 Sed
706 2595 781 2653 haec
808 2593 909 2652 omnia
930 2612 968 2652 ex
991 2594 1138 2654 dicendis

136 2681 167 2738 in
188 2682 366 2740 theodicaea
387 2683 494 2739 clarius
514 2682 731 2758 intellegentur.
1152 2711 1153 2724 r

189 2840 206 2904 ξ
227 2855 249 2890 2.
283 2843 417 2891 Diversae
437 2843 559 2891 veritatis
578 2843 691 2906 species
710 2843 867 2905 synthetice
887 2854 1089 2906 exponuntur.

195 2955 312 3015 Veritas
341 2958 372 3014 in
399 2975 510 3032 genere
531 2968 575 3016 est
606 2957 786 3032 adaequatio
816 2956 859 3015 rei
889 2966 918 3014 et
949 2957 1133 3018 intellectus.

134 3044 257 3117 Triplex
277 3045 479 3119 distinguitur:
1150 3121 1151 3130 χ

195 3132 302 3186 veritas
343 3133 515 3206 ontologica
555 3130 788 3210 (metaphysica,
827 3134 1130 3212 transcendentalisl:

136 3213 314 3284 adaequatio
335 3218 379 3274 rei
399 3220 437 3275 ad
458 3220 658 3294 intellectum3
1149 3273 1150 3290 2

196 3298 304 3356 veritas
324 3303 435 3376 logica:
458 3306 638 3379 adaequatio
659 3309 825 3369 intellectus
846 3311 886 3368 ad
906 3329 994 3386 rem3
