2350 3700
14 475 19 600 l

193 139 232 173 DE
251 139 377 177 ACTIONE
396 139 433 175 ET
453 140 491 175 DE
511 139 648 176 PASSIONE
668 140 731 177 SIVE
752 140 789 175 DE
809 140 916 177 CAUSlS.
999 141 1049 190 299

60 287 183 361 quiritur
204 297 304 345 autem
324 287 466 346 condicio
487 306 524 345 eo
546 305 652 357 sensu,
683 288 765 361 quod
786 287 921 346 virtutem
943 306 1050 347 causae

60 378 106 434 vel
125 387 297 451 praeparat,
319 376 367 435 vel
388 375 528 452 disponit,
549 378 597 435 vel
619 377 751 452 applicat
765 376 804 434 ad
823 378 981 451 agendum,
1004 379 1050 436 vel

61 465 164 524 saltem
183 465 431 541 impedimentum
448 476 590 538 removet,
612 466 694 540 quod
707 466 858 525 actionem
876 466 1009 543 impedit.

119 550 149 629 a)
171 554 305 628 Quando
320 554 460 614 condicio
474 556 599 613 absolute
611 555 780 614 necessaria
795 565 846 627 est,
865 556 905 613 ita
919 566 951 614 ut
963 557 1051 615 nullis

61 642 124 703 aliis
139 643 369 704 condicionibus
388 644 519 719 suppleri
540 643 641 720 possit,
665 643 771 702 dicitur
785 645 904 702 condiri)
921 646 981 703 sine
993 664 1052 721 qua

62 752 134 803 ηοω
162 733 296 791 admotio
324 733 401 808 ignis
429 734 468 791 ad
495 732 609 808 lignum
636 750 662 791 e.
684 751 712 807 g.
738 743 782 791 est
803 734 958 805 condicio,
988 733 1051 792 sine

62 840 120 896 qua
140 821 219 897 ignis
239 822 352 897 lignum
372 840 436 881 non
458 822 614 881 comburit.

120 905 153 985 b)
171 911 304 984 Quando
320 912 507 970 condicionis
521 929 627 970 munus
642 911 673 969 in
687 912 746 970 boc
761 912 902 983 consistit,
917 923 948 971 ut
961 912 1052 988 impe·

61 1001 227 1059 dimentum
255 1012 422 1071 removeat,
452 1001 559 1060 dicitur
582 1018 685 1059 «causa
705 1020 849 1061 remouens
869 1002 1051 1078 prohibens».

61 1089 252 1165 Compedum
274 1108 299 1149 e.
322 1109 349 1165 g.
379 1090 486 1149 solutio
515 1101 559 1149 est
586 1108 676 1149 causa
703 1108 862 1150 removens
889 1090 1053 1166 prohibens

61 1179 189 1238 actionis
211 1180 359 1251 currendi,
382 1180 436 1239 sed
456 1198 518 1238 non
540 1197 629 1238 causa
648 1179 771 1255 proprie
792 1180 880 1238 dicta.
910 1182 963 1239 Est
984 1199 1053 1239 con·

61 1269 142 1327 dicio
164 1278 287 1341 tantum,
313 1287 402 1328 causa
423 1268 504 1327 enim
524 1268 647 1345 proprie
668 1268 749 1327 dicta
770 1269 902 1328 efficiens
924 1280 969 1327 est
988 1270 1052 1345 ipse

61 1360 155 1416 homo
176 1376 308 1417 currens.

123 1470 151 1505 2.
177 1447 290 1506 Occasio
311 1458 410 1506 autem
430 1458 475 1506 est
494 1448 528 1505 id
544 1465 633 1517 omne,
655 1448 698 1505 ad
712 1449 789 1505 cuius
795 1448 989 1523 praesentiam
1003 1449 1054 1506 ali·
1098 1487 1101 1493 -

60 1538 134 1611 quid
141 1538 192 1612 fit.
235 1536 285 1595 Sic
305 1536 412 1613 impius
433 1536 498 1611 qui,
522 1538 593 1595 dum
615 1536 802 1595 sacerdotem
823 1537 904 1595 videt
924 1548 1053 1613 praeter-

61 1636 201 1698 euntem,
231 1627 434 1703 blasphemat,
465 1625 668 1702 blasphemiae
699 1635 744 1684 est
773 1644 877 1697 causa,
913 1627 1053 1685 sacerdos

61 1734 153 1787 vero,
185 1715 314 1775 occasio,
337 1746 373 1755 -
397 1715 547 1774 Convenit
567 1714 687 1773 occasio
709 1734 776 1773 cum
798 1714 977 1774 condicione
1006 1733 1052 1786 e0,

20 1787 24 1826 ‘
63 1804 148 1881 quod
169 1806 292 1881 propria
313 1793 431 1864 actione
453 1805 592 1864 effectum
619 1822 683 1863 non
704 1803 858 1880 producit,
886 1804 986 1864 differt
1006 1822 1051 1877 e0,

62 1895 148 1970 quod
170 1894 232 1953 eius
252 1894 420 1970 praesentia
447 1895 487 1952 ad
508 1895 647 1953 eflectum
675 1894 902 1970 producendum
930 1913 985 1952 non
1013 1913 1054 1952 re-

62 1986 200 2059 quiritur.

122 2073 298 2132 Notandum
321 2082 438 2133 tamen:
471 2071 619 2131 «Occasio
646 2072 765 2131 realiter
785 2071 974 2132 considerata
1003 2089 1054 2132 seu

58 2163 111 2220 illa
132 2181 199 2234 reS,
229 2180 307 2237 quae
335 2172 380 2222 est
407 2161 543 2233 occasio,
572 2179 663 2237 saepe
691 2161 776 2220 simul
797 2162 887 2220 habet
908 2161 1054 2220 rationem

59 2270 173 2311 causae
200 2251 322 2311 alicuius
350 2252 411 2310 sive
440 2251 596 2310 efficientis
623 2251 684 2309 sive
712 2250 815 2309 finalis.
855 2253 891 2309 In
912 2261 1054 2325 quantum

58 2342 179 2400 scilicet
199 2340 290 2398 allicit
310 2341 350 2399 ad
367 2340 411 2399 sui
425 2339 670 2398 consecutionem
683 2341 730 2398 vel
745 2339 943 2412 effectionem,
965 2341 1057 2398 habet

57 2431 212 2490 rationem
234 2448 341 2488 causae
361 2429 473 2503 finalis3
501 2429 532 2486 in
554 2439 697 2504 quantum
718 2447 790 2487 vero
812 2428 902 2487 allicit
930 2447 981 2488 seu
1004 2428 1056 2487 im-

56 2520 146 2595 pellit
176 2519 215 2577 ad
242 2519 324 2577 aliud
345 2519 417 2593 quid
439 2519 635 2577 obtinendum
662 2521 710 2577 vel
731 2519 936 2591 efficiendum,
965 2519 1056 2577 habet

19 2614 20 2617 ’
57 2610 210 2668 rationem
232 2627 339 2667 causae
360 2607 516 2667 efficientis
536 2608 666 2666 moralis.
705 2603 750 2684 (ln
778 2607 930 2684 theologia
950 2608 1056 2666 morali

59 2710 89 2757 et
113 2698 299 2758 catechismo
321 2697 441 2756 occasio
461 2697 583 2756 vitanda
606 2696 784 2772 intellegitur
805 2697 864 2756 hoc
885 2715 981 2769 sensu,
1004 2697 1056 2755 sci-

58 2789 132 2848 licet
153 2805 212 2864 pro
234 2805 279 2861 ea,
302 2804 380 2861 quae
401 2786 492 2845 allicit
512 2788 552 2845 ad
572 2781 823 2862 peccandum.)>›¹

490 2978 513 3013 2.
534 2966 632 3029 Species.

18 3130 24 3150 ,
121 3081 224 3140 Causa
251 3079 399 3151 efficiens,
428 3078 451 3137 si
479 3078 510 3136 in
538 3089 602 3137 tota
628 3095 680 3137 sua
700 3078 854 3138 latitudine
875 3081 950 3138 haec
972 3079 1055 3138 notio

56 3169 280 3239 consideratur,
303 3167 443 3228 dividitur
463 3167 494 3225 in
516 3167 643 3243 primam
665 3178 694 3226 et
715 3167 884 3226 secundam.

71 3291 74 3295 ⁴
124 3328 132 3358 ¹
153 3330 233 3378 Frick
250 3329 266 3378 l.
287 3345 308 3378 c.
329 3345 354 3393 p.
377 3329 436 3390 167.
