2350 3700
123 158 176 218 348
408 170 446 205 ns
466 170 655 213 quun'rxrs
674 171 832 207 consonat.

121 317 262 388 mutati0,
292 318 372 375 nulla
392 316 542 376 successio
563 315 717 393 reperitur.
760 318 831 375 Non
852 328 899 376 est
919 317 952 376 in
975 330 1127 394 tempore,

121 405 179 465 nisi
199 415 231 464 ut
251 407 433 465 coexsistens
453 407 484 463 in
499 406 705 478 coexsistente,
727 406 791 465 sine
805 407 864 463 ulla
879 406 1049 465 diffusione
1063 428 1128 483 par·

122 494 195 553 tium
216 513 287 554 suae
308 494 481 554 durationis.
524 497 559 553 In
580 494 646 571 ipso
668 494 750 553 enim
769 513 833 553 non
855 507 899 553 est
925 498 1127 571 praeteritum

123 602 181 643 nec
202 584 346 655 futurum,
377 584 431 643 sed
452 602 528 642 nunc
539 591 718 660 perpetuum.
760 584 883 643 Rectius
905 584 1020 643 dicitur
1042 587 1128 644 Deus

123 690 188 731 esse
209 691 278 731 cum
299 682 436 749 tempore
457 691 548 747 quam
569 673 768 747 intempore.

536 866 639 909 CAPUT
660 866 699 909 1v.

164 1019 168 1024 ,
218 975 275 1031 DE
295 974 445 1033 TRIBUS
466 974 711 1033 PRAECIPUIS
733 974 1024 1047 QUANTITATIS

435 1063 801 1123 PROPRIETATIBUS.

186 1197 343 1270 Quantitas
363 1195 461 1254 omnis
481 1214 646 1271 corporea,
678 1214 716 1255 eo
737 1197 803 1272 ipso
824 1198 909 1272 quod
930 1208 976 1256 est
996 1198 1123 1255 extensio
1169 1186 1170 1271 i

125 1286 289 1362 quaedam,
317 1285 410 1344 tribus
436 1285 598 1361 praecipue
619 1284 776 1361 insignitur
796 1285 1045 1361 proprietatibus:
1075 1296 1121 1343 est
1169 1276 1170 1309 ¹

125 1376 281 1446 continua,
310 1384 355 1432 est
374 1374 471 1445 finita,
496 1383 541 1434 est
561 1374 723 1433 divisibilis.
746 1376 814 1433 ·De
835 1374 881 1433 his
903 1376 1058 1447 omnibus,
1086 1386 1119 1432 ut
1169 1368 1170 1371 ’

125 1476 231 1523 natura
250 1462 431 1523 extensionis
452 1463 558 1522 clarius
586 1463 797 1539 perspiciatur,
827 1464 960 1523 breviter
988 1465 1049 1522 iam
1076 1474 1122 1523 est
1166 1460 1170 1531 i

126 1554 341 1613 disserendum.
1169 1550 1170 1641 i

518 1652 683 1699 Anaucutos
704 1664 722 1701 1.
1169 1646 1170 1661 ¹

316 1764 365 1813 DE
384 1764 652 1814 CONTINUITATE
671 1766 921 1827 QUANTITATIS.

340 1889 357 1956 ἓ
379 1904 401 1941 1.
427 1892 515 1941 Notio
535 1892 730 1942 continuitatis
749 1894 896 1942 evolvitur.

188 2005 392 2081 Quantitatem
413 2004 586 2064 continuam
607 2006 734 2065 diximus
754 2003 794 2082 (p.
811 2002 880 2082 329)
903 2026 970 2066 esse
992 2007 1128 2083 partium

127 2105 210 2156 extra
230 2107 330 2173 partes
350 2095 529 2171 positionem
549 2094 655 2167 talem,
687 2106 719 2154 ut
745 2114 851 2156 omnes
872 2096 1029 2155 communi
1051 2115 1129 2172 quo·

127 2188 198 2245 dam
218 2186 338 2245 vinculo
359 2185 544 2260 copulentur.
676 2188 680 2193 ’

189 2274 375 2334 Continuitas
395 2291 467 2331 vero
489 2281 534 2330 est
554 2273 731 2348 proprietas,
757 2292 833 2350 quae
855 2293 892 2332 ex
913 2274 980 2350 ipsa
1001 2273 1053 2332 illa
1073 2293 1124 2332 co·
1169 2295 1170 2346 i

128 2365 280 2442 pulatione
302 2364 401 2421 oritur.
442 2361 586 2420 Consistit
607 2373 706 2421 autem
726 2363 758 2422 in
779 2383 833 2435 e0,
855 2364 939 2438 quod
960 2363 1119 2438 quantitas,

130 2473 206 2530 quae
221 2453 328 2512 dicitur
343 2451 491 2522 continua,
512 2451 616 2526 spatia,
632 2471 709 2527 quae
723 2453 802 2511 intra
815 2471 899 2511 suam
913 2452 1122 2511 extensionem
1169 2443 1170 2496 i

129 2545 261 2615 includit,
282 2542 323 2600 ita
343 2541 455 2617 implet,
477 2549 508 2597 ut
529 2540 611 2597 nullo
632 2541 724 2600 limite
745 2542 775 2600 in
794 2559 826 2600 se
841 2541 905 2618 ipsa
920 2541 957 2600 sit
970 2541 1122 2603 distincta.

193 2635 364 2692 Continuam
394 2628 521 2706 proinde
551 2629 659 2688 dieitur
688 2639 826 2706 quantum
856 2639 1015 2702 extensum,
1047 2631 1128 2706 quod

130 2726 208 2783 nullo
229 2725 315 2783 limite
335 2723 366 2779 in
385 2739 414 2778 sc
433 2721 493 2795 ipso
507 2725 547 2776 nt
559 2720 725 2780 distinctum.
755 2721 948 2796 Distinguunt
961 2738 1036 2778 vero
1052 2739 1124 2778 con·

130 2815 243 2873 tinuum
265 2812 430 2888 perfectum
452 2817 482 2866 et
502 2809 675 2868 continuum
697 2811 913 2886 imperfectum.

338 2897 520 2958 Continuum
535 2899 697 2973 perfectum
718 2900 790 2958 illud
818 2909 876 2970 est,
906 2898 990 2974 quod
1019 2899 1122 2957 omnia

141 3171 250 3247 ἡ
339 3165 521 3225 Continuam
541 3166 747 3242 imperfectum,
772 3168 855 3243 quod
877 3166 976 3241 aliqua
999 3185 1037 3225 ex
1059 3187 1124 3244 spa·
1169 3209 1170 3246 3

141 3240 249 3278 m
284 3248 344 3318 tiis,
366 3270 443 3323 quae
465 3254 543 3311 intra
563 3272 648 3311 suam
669 3255 876 3314 extensionem
896 3255 1037 3328 includit,
1062 3276 1125 3316 non
1169 3247 1170 3312 i

160 3353 208 3400 Fig.
224 3355 241 3393 1.
288 3336 392 3409 implet
413 3334 471 3412 (fig.
493 3337 542 3416 ΙΙ).
1037 3364 1041 3372 ·
