2350 3700
126 141 179 201 380
318 152 356 187 DE
375 152 472 189 causis
492 152 632 188 SUPREMIS
653 152 752 187 MUNDI
772 151 925 188 CORPOREI.
1170 110 1173 315 Ι

123 299 226 359 ultima
253 299 402 376 principia
430 317 495 358 esse
526 298 703 358 substantias
733 300 914 374 completaS,
946 318 1030 374 quae
1061 298 1121 357 siue
1172 316 1173 329 ¹

123 391 184 447 ulla
202 388 421 466 compositione
442 390 474 447 in
494 400 601 447 natura
622 398 689 447 actu
710 390 851 447 exsistant
871 407 928 465 per
949 407 991 461 se,
1016 399 1050 447 ut
1064 398 1123 447 ato·

124 478 229 539 mistae
249 481 360 537 volunt.

185 578 301 637 Eadem
328 576 444 636 ratione
472 586 556 637 certo
575 596 640 635 non
661 585 778 635 constat
798 588 915 636 atomos
935 576 968 634 in
990 595 1125 653 corpore

124 667 292 743 composito
306 676 375 725 actu
388 685 511 727 manere
526 665 691 725 secundum
711 666 839 727 eandem
858 676 1004 737 naturam,
1030 683 1124 741 quarn

124 766 213 815 antea
240 758 408 825 habebant;
436 757 529 816 immo
556 758 580 814 si
609 756 649 815 ad
676 756 877 815 diversitatem
900 755 1125 832 proprietatum

124 845 318 921 hydrogenii‚
341 844 495 921 oxygenii,
517 863 614 921 aquae
637 863 662 903 e.
684 864 713 920 g.
735 844 930 917 attendimus,
957 844 1036 902 ratio
1058 863 1124 902 non

124 935 229 993 leviter
257 935 416 993 inclinatur
444 935 485 993 ad
515 934 758 994 concludendum
788 945 904 993 atomos
938 933 1124 1009 hydrogenii
1172 1006 1173 1023 Χ

124 1034 260 1082 naturam
282 1024 370 1083 aliam
390 1024 515 1084 induere
536 1025 567 1082 in
589 1042 676 1099 aqua.

186 1117 218 1197 b)
239 1124 411 1194 Praeterea,
432 1123 463 1181 id
485 1123 569 1198 quod
589 1120 718 1181 maxime
739 1123 904 1181 notandum
926 1132 985 1193 est,
1008 1124 1124 1179 atomis·

124 1232 186 1269 mus
206 1214 340 1270 chemicus
359 1214 547 1287 quaestionem
568 1214 602 1270 de
618 1214 716 1270 ultrano
731 1219 889 1269 atomorum
902 1213 1049 1287 princzpio
1064 1231 1124 1269 πππ
1172 1250 1173 1259 ¹

124 1303 246 1375 attingit.
269 1302 377 1376 Neque
387 1302 468 1359 enirn
477 1302 625 1360 rationem
635 1301 826 1359 intrinsecam
838 1300 977 1373 ostendit,
993 1310 1124 1375 propter

125 1409 215 1465 quam
245 1390 337 1449 atomi
367 1390 398 1447 in
429 1389 553 1448 diversis
587 1391 764 1465 corporibus
800 1390 932 1449 diversas
967 1388 1123 1466 explicent
1172 1384 1173 1443 3

125 1479 211 1550 vireS,
236 1479 359 1538 diversis
379 1479 533 1555 praeditae
554 1479 613 1537 sint
633 1478 761 1537 motibus
777 1480 793 1537 ¹.
1172 1492 1173 1559 j

186 1572 214 1652 c)
235 1578 342 1652 Neque
364 1588 464 1636 tamen
486 1577 629 1636 contendi
650 1587 748 1653 potest
768 1578 848 1635 hanc
869 1578 1050 1635 sententiam
1069 1580 1125 1637 evi·

126 1670 224 1725 denter
243 1686 411 1743 repugnare
432 1667 555 1738 rationi,
583 1668 631 1725 vel
655 1666 857 1742 experientiae
878 1677 982 1742 aperte
1004 1677 1128 1725 contra·

126 1757 236 1817 dicere.
279 1755 343 1815 Etsi
370 1755 451 1814 enirn
472 1761 585 1814 certum
607 1766 651 1815 est
671 1756 850 1814 mutationes
870 1756 977 1814 virium
1000 1765 1031 1815 et
1055 1776 1128 1833 pro·
1172 1806 1173 1817 ,

126 1846 283 1923 prietatum
303 1865 549 1922 praesupponere
569 1844 718 1905 diversum
739 1845 862 1904 modum
884 1845 1005 1904 essendi
1026 1846 1061 1904 in
1082 1867 1126 1918 re,

126 1956 144 1994 a
165 1953 224 2010 qua
245 1934 407 2007 dimanant,
430 1945 540 2007 tamen,
562 1955 633 1994 num
654 1935 761 1993 modus
776 1935 830 1994 iste
845 1936 965 1994 essendi
985 1936 1126 1996 diversus

126 2036 222 2084 tantus
237 2043 301 2083 esse
316 2025 434 2096 debeat,
449 2036 481 2083 ut
494 2024 664 2084 necessario
679 2034 904 2101 praesupponat
912 2025 1124 2096 mutationem,

126 2133 216 2189 quam
231 2113 399 2172 scholastici
415 2114 581 2185 admittunt,
604 2113 760 2172 evidenter
773 2133 836 2173 non
851 2124 985 2190 apparet.
1023 2116 1125 2173 Immo

126 2203 366 2279 probabilitatem
387 2203 517 2278 aliquam
538 2204 630 2262 habet
650 2203 701 2260 illa
722 2203 910 2279 hypothesiS,
935 2203 1008 2278 quia
1029 2206 1125 2262 multa

125 2295 205 2352 facta
226 2293 385 2351 commode
407 2292 550 2369 explicat,
579 2293 661 2350 nullo
690 2303 773 2351 certo
795 2293 1001 2368 experimento
1024 2301 1126 2370 aperte
1172 2371 1173 2374 Ἴ

127 2381 318 2455 contradicit,
348 2383 471 2440 modum
499 2378 669 2458 explicandi
691 2381 850 2440 essentiam
872 2400 1034 2458 corporum
1056 2384 1127 2440 sirn-
1172 2395 1173 2438 3

126 2473 235 2549 plicem
256 2470 383 2531 admittit
395 2471 413 2530 ².
1172 2471 1173 2530 l

191 2603 415 2662 Concludendum
436 2622 503 2676 ergo
524 2609 565 2659 est
583 2610 702 2676 systema
723 2603 865 2660 atomismz'
882 2602 995 2660 chantici
1008 2604 1128 2661 ratione

125 2694 326 2770 quodammodo
350 2693 489 2768 probari,
524 2692 575 2749 sed
603 2693 671 2767 quia
701 2711 758 2749 non
786 2693 911 2767 sufficere
939 2691 1056 2749 videtur
1086 2693 1131 2750 ad

125 2802 219 2842 ornnes
238 2783 435 2841 substantiales
454 2782 593 2839 almitates
620 2781 816 2856 explicandas,
845 2783 937 2856 z'ptsum
956 2781 1060 2840 mentis
1081 2802 1126 2839 as·

125 2892 235 2931 sensum
255 2891 311 2929 πππ
332 2873 485 2928 necessario
505 2871 548 2928 ud
563 2889 593 2928 se
613 2870 745 2940 trahere;
774 2871 857 2928 immo
878 2871 1002 2944 quiade
1023 2871 1126 2929 ultimo

126 2971 273 3038 corporum
281 2962 424 3037 prinopio
437 2980 494 3018 non
507 2960 629 3034 quaerit,
651 2966 770 3034 systema
791 2968 979 3018 scientificum
999 2961 1123 3034 quidem,

125 3058 296 3109 nontamen
315 3067 380 3107 vere
401 3059 635 3120 philosophicum
659 3067 715 3106 esse
735 3049 854 3108 videtur.
1172 3049 1173 3052 ’

185 3326 195 3356 ²
214 3330 252 3374 ct
273 3331 360 3390 Lepidi
375 3331 392 3376 l.
413 3348 434 3379 c.
455 3334 500 3391 III,
523 3334 555 3392 76
575 3351 612 3397 sq.

1172 3089 1173 3130 l

187 3251 195 3281 ¹
217 3253 255 3299 Cf.
275 3255 384 3300 Lehmen
402 3255 419 3301 l.
438 3270 461 3302 c.
480 3273 505 3318 p.
529 3269 579 3314 140
598 3266 623 3305 et
646 3269 703 3316 141.
1169 3162 1173 3360 i

1172 3527 1173 3562 l
