2350 3700
391 141 429 176 nn
447 126 693 181 rurnnnnonr'arrs.
988 144 1037 195 143

43 282 102 339 Sed
124 284 321 359 principium,
343 305 380 345 ex
401 306 461 362 quo
482 288 579 364 logice
602 289 758 348 deducitur
779 290 933 349 conclusio
954 291 1036 362 falsa,

42 371 140 445 ipsum
162 373 272 432 falsum
293 374 330 433 sit
350 387 468 452 oportet
489 372 529 453 (p.
554 372 612 451 71).

102 479 130 533 3.
162 462 340 522 Idealismus
361 483 433 523 vero
456 465 621 525 obiectivus
648 477 771 526 naturae
792 468 867 539 Dei,
897 469 992 544 qualis
1020 489 1038 526 a

41 550 129 607 nobis
151 552 357 627 cognoscitur,
380 566 533 630 repugnat.
562 558 725 632 Repugnat
740 555 821 615 enim
835 558 943 630 Deum,
964 559 1038 617 veri·

39 639 106 696 tatis
127 651 286 700 amantem
308 653 338 701 et
357 643 472 702 infinite
496 645 626 717 bonurn,
655 656 822 704 creaturam
848 665 931 705 suam
952 647 1037 706 ratio·

40 728 142 787 nalem
171 730 206 787 in
234 750 337 790 errore
365 732 530 791 invincibili
557 734 603 792 his
630 735 661 792 in
682 734 767 793 terris
788 746 934 811 perpetuo
961 738 1038 796 velle

41 818 180 877 detinere
198 821 213 878 ¹.

429 932 595 981 Auricunus
615 944 656 981 111.

360 1046 407 1094 DE
426 1046 726 1097 INTELLEGENTIA.

324 1182 341 1249 ξ
364 1199 384 1234 1.
417 1187 554 1237 Notiones
573 1188 764 1251 explanantur.

100 1310 307 1382 Intellegentia
334 1308 442 1368 dicitur
461 1310 628 1369 intellectus
649 1319 794 1386 quatenus
817 1310 965 1388 principia
985 1330 1039 1388 per

46 1416 72 1455 se
92 1407 123 1456 et
144 1398 326 1457 immediate
346 1408 418 1457 nota
438 1399 574 1476 percipit.

98 1490 198 1547 Haec
224 1488 348 1546 facultas
375 1488 504 1565 proinde
530 1498 664 1548 versatur
694 1488 774 1548 circa
804 1489 886 1550 ideas
916 1490 1039 1567 proprie

45 1578 145 1649 dictas,
170 1588 207 1635 ut
220 1576 302 1636 circa
316 1577 557 1637 convenientiam
571 1580 620 1638 vel
634 1578 922 1638 disconvenientiam
936 1597 1037 1638 earum

45 1667 229 1739 pronuntiet.
272 1667 479 1743 Intellegentia
506 1685 533 1726 e.
554 1686 581 1744 g.
604 1667 769 1727 iudicamus
789 1670 861 1726 idem
884 1689 941 1727 nan
955 1678 1039 1745 passe

45 1758 210 1814 simulasse
237 1762 265 1813 et
289 1776 345 1814 aaa
366 1775 437 1829 essa,
466 1764 553 1815 tatum
573 1758 666 1815 maias
686 1775 742 1815 esse
761 1777 814 1815 sua
828 1766 931 1833 parte,
960 1759 1038 1833 quial·

46 1847 113 1921 qaid
130 1853 266 1906 movetur
285 1847 320 1904 ab
341 1847 398 1904 alio
418 1849 533 1918 moveri,
555 1858 611 1906 etc.

103 1936 319 2011 Intellegentia
339 1955 402 1996 non
423 1947 468 1996 est
488 1936 704 1996 confundenda
724 1956 793 1995 cum
813 1938 959 1996 intellectu.
992 1940 1039 1995 In·

46 2026 181 2085 tellectus
208 2024 289 2084 enim
316 2036 361 2085 est
386 2044 498 2085 nomen
527 2026 701 2102 genericum
730 2025 817 2084 unius
846 2037 877 2085 et
905 2027 1038 2086 eiusdem

50 2115 197 2174 facultatis
211 2115 373 2187 rationalis,
395 2133 473 2190 quae
488 2125 547 2192 pra
560 2117 725 2175 diversitate
737 2118 940 2192 operationum,
964 2134 1038 2191 quas

49 2205 133 2277 elicit,
157 2204 285 2264 diversis
305 2204 462 2280 insignitur
481 2204 663 2277 nominibus,
685 2204 726 2262 ita
745 2215 777 2263 ut
797 2204 914 2263 dicatur
927 2205 1039 2264 intelle-

51 2295 157 2367 gentia,
182 2293 267 2366 rati0,
289 2294 442 2366 memoria,
466 2295 658 2353 conscientia.

183 2468 201 2535 ξ
220 2484 244 2521 2.
276 2473 412 2522 Doctrina
431 2473 505 2523 eirca
522 2473 649 2522 valorem
669 2473 730 2523 eius
749 2474 905 2537 exponitur.

105 2596 224 2654 Contra
246 2597 424 2672 positiaistas
453 2595 513 2654 iam
543 2595 727 2655 ostendimus
764 2592 804 2672 (p.
837 2589 904 2671 119)
945 2594 1036 2667 ideas,

50 2683 126 2743 circa
141 2703 218 2762 quas
231 2695 363 2744 versatur
376 2684 588 2762 intellegentia,
608 2696 754 2760 quatenus
767 2694 835 2744 sunt
848 2685 1037 2757 universales,

50 2791 109 2832 non
129 2792 198 2834 esse
219 2774 344 2832 nomina
363 2785 486 2847 tantum,
508 2775 580 2833 item
600 2774 711 2834 iudicia
731 2793 769 2833 ex
790 2774 862 2850 ipsis
883 2774 1039 2832 efformata

50 2881 108 2921 non
136 2882 203 2924 esse
231 2863 475 2940 experimentalia
503 2859 543 2940 (p.
569 2858 653 2939 120),
682 2865 737 2923 sed
757 2881 909 2923 assensum
930 2863 1038 2922 mentis

51 2952 78 3008 in
97 2953 269 3012 huiusmodi
289 2952 405 3012 iudiciis
427 2953 592 3012 secundum
616 2955 860 3012 universalitatem
880 2960 909 3010 et
927 2955 1037 3011 necessi·

53 3049 130 3100 tatem
151 3043 226 3115 fieri,
248 3061 311 3100 non
333 3042 403 3118 quia
423 3043 514 3101 talem
529 3060 630 3128 casum
652 3041 835 3119 experientia
850 3053 1037 3118 compertum

108 3255 116 3286 ¹
135 3256 222 3304 Huius
240 3257 277 3304 rei
295 3256 437 3305 uberiorem
456 3255 662 3320 explanationem
681 3254 795 3303 invenies
814 3255 882 3318 apud
895 3255 971 3303 Frick
983 3254 998 3303 l.
1012 3271 1035 3303 c.

56 3351 77 3397 p.
98 3336 251 3396 180—184;
271 3337 379 3386 Mercier
396 3336 413 3385 l.
433 3352 455 3385 c.
475 3353 501 3400 p.
522 3334 582 3396 348.
603 3347 663 3396 349.
