2350 3700
144 100 195 149 234
445 100 484 135 DE
503 99 565 137 It’sn
585 100 713 137 RATIONE
733 98 825 136 ENTIS.

141 248 334 305 constitutivis
355 247 435 305 demi
463 256 575 322 potest,
606 265 705 322 neque
732 248 823 305 ullum
852 248 931 305 aliud
960 247 1031 323 ipsis
1057 246 1115 303 addi

141 347 246 413 potest,
269 337 341 411 quin
356 337 494 395 desinant
515 354 578 393 esse
601 336 674 393 tales
694 335 848 395 essentiae.
881 336 972 394 Cuius
994 338 1036 394 rei
1056 336 1117 393 veri·

142 436 185 483 tas
207 426 385 500 intellegitur
399 444 435 483 ex
450 426 514 500 ipsa
528 426 653 483 notione
668 426 821 496 essentiae,
844 425 935 500 idque
951 426 1006 483 sub
1020 424 1118 483 lumine

142 515 281 590 principii
302 514 555 573 contradictionis.
598 514 734 571 Essentia
754 515 835 572 enim
856 525 899 572 est
925 514 972 585 id,
1002 532 1061 589 quo
1081 533 1121 571 res

142 614 186 661 est
209 604 239 661 id
261 603 343 678 quod
359 614 410 662 est.
442 606 506 661 Iam
519 621 592 661 vero
608 602 639 673 si,
663 605 743 661 salva
760 614 900 661 manente
921 604 972 661 tali
993 604 1121 672 essentia,

143 692 256 839 alitquid
278 691 349 750 addi
362 694 410 749 vel
431 692 512 751 demi
533 702 642 767 posset,
665 690 777 766 aliquid
798 692 883 749 simul
904 702 982 750 esset
971 692 1032 750 tid
1047 692 1123 766 quod

225 792 337 839 etnon
359 781 483 839 haberet
503 792 596 839 totum
618 780 649 838 id
672 781 755 855 quod
776 792 835 852 est,
857 781 921 839 aliis
941 782 1053 839 verbis:
1081 782 1137 873 ali-p

142 793 215 945 <equid
225 801 325 928 esimul
346 881 425 929 esset
444 871 476 929 id
497 871 579 945 quod
602 880 657 940 est,
688 881 718 928 et
740 888 801 927 non
824 879 901 928 esset
921 869 952 927 id
973 869 1054 944 quod
1074 881 1122 939 est,
1136 874 1137 921 l

142 960 160 1017 i.
177 978 202 1017 e.
218 960 298 1017 idem
320 960 404 1017 simul
426 971 503 1017 esset
523 971 553 1019 et
573 976 634 1017 non
650 970 741 1017 esset:
763 959 846 1034 quod
861 970 904 1017 est
925 970 996 1017 cont
997 978 1029 1016 ra
1049 946 1137 1034 prin·

144 1049 254 1123 cipium
276 1048 528 1106 contradictionis,

202 1139 326 1212 Propter
346 1138 426 1195 hanc
446 1138 601 1208 rationem,
624 1148 653 1195 et
674 1138 783 1196 eodem
802 1154 898 1204 sensa,
922 1148 1020 1195 essent
1009 1137 1064 1195 tiae
1083 1136 1120 1193 di·

142 1237 248 1284 cuntur
269 1227 358 1284 etiam
379 1227 566 1284 indivisibiles
1136 1246 1137 1349 p

203 1316 276 1372 Sunt
303 1335 339 1372 au
341 1325 401 1373 tem
429 1315 643 1373 mutabilest
613 1325 643 1373 et
669 1314 831 1373 divisibiles
852 1315 997 1373 essentiae
1018 1316 1120 1385 finitae,
1115 1354 1137 1435 ,p

145 1414 290 1478 quatenus
311 1414 434 1478 possunt
449 1405 597 1474 exsistere,
620 1405 752 1479 incipere
774 1414 803 1461 et
823 1403 970 1475 desinere,
993 1405 1041 1463 vel
1060 1423 1123 1479 qua-

142 1503 227 1551 tenus
258 1493 403 1551 esseutiae
433 1494 555 1568 physice
584 1494 768 1568 compositae
798 1503 921 1567 possunt
950 1493 1102 1551 dissolvi
1096 1512 1123 1549 ιιι

144 1594 245 1657 partes
265 1584 313 1639 vel
334 1583 492 1657 corrumpi.

206 1670 415 1729 2.Essentiae
436 1672 639 1746 metaphysice
661 1671 898 1729 consideratae'
890 1690 921 1727 m
943 1680 1020 1729 statu
1037 1656 1137 1746 possi

143 1691 261 1830 bilirim,
291 1761 365 1817 sicut
386 1761 451 1835 ipsa
471 1761 605 1835 potentia
626 1760 789 1830 obiectiva,
821 1770 887 1817 sunt
910 1763 1083 1817 necessariae
1104 1772 1137 1835 et

143 1858 281 1906 aeternae.

204 1940 277 1996 Sunt
296 1941 468 1996 necessariae
488 1957 525 1996 eo
547 1957 643 2010 sensa,
668 1939 749 2013 quod
770 1957 854 1996 mens
876 1941 956 1998 clare
976 1939 1062 1998 videt
1084 1959 1130 1998 eas

144 2047 204 2084 non
227 2045 316 2103 posse
338 2044 403 2086 esse
424 2045 486 2085 non
507 2029 671 2103 possibiles
694 2038 724 2084 ut
746 2028 826 2086 tales.

204 2117 277 2173 Sunt
291 2124 422 2174 aeternae
442 2135 480 2175 eo
494 2135 590 2188 sensu,
612 2117 693 2191 quod
708 2135 758 2174 eas
778 2117 874 2174 taliter
888 2134 953 2174 esse
973 2118 1130 2192 possibiles

143 2224 306 2279 numquam
333 2206 436 2263 habuit
463 2206 577 2263 initium
605 2224 705 2280 neque
728 2223 870 2279 umquam
896 2206 1069 2264 habiturum
1090 2217 1130 2264 est

144 2297 242 2352 tinem.

204 2384 273 2441 Alio
303 2401 391 2440 sensu
420 2384 558 2441 dicuntur
587 2385 677 2441 etiam
707 2395 864 2456 aeternae,
900 2402 989 2442 sensu
1018 2386 1130 2443 scilicet

144 2473 324 2530 aeternitatis
351 2473 523 2546 negativae,
552 2473 622 2547 quia
643 2491 807 2547 numquam
828 2475 1005 2548 repugnavit
1032 2491 1130 2548 neque

145 2580 284 2636 umquam
307 2561 485 2636 repugnabit
506 2580 556 2619 eas
578 2563 726 2620 exsistere.

206 2652 291 2723 Quae
313 2661 343 2708 ut
369 2651 422 2708 rite
444 2650 659 2725 intellegantur,
681 2651 846 2709 notandum
862 2661 905 2709 est
926 2653 1131 2710 aeternitatem

144 2740 342 2798 communiter
362 2739 479 2797 definiri
504 2750 536 2796 ut
561 2739 611 2796 sit:
642 2741 790 2814 quaedam
811 2739 926 2798 duratio
955 2741 1020 2798 sine
1051 2742 1131 2798 initio

144 2839 174 2887 et
195 2829 257 2886 sine
278 2830 347 2886 fine.
390 2830 443 2886 Est
464 2838 577 2885 autem:

205 2912 232 2988 a)
255 2917 424 2974 Aeternitas
438 2919 582 2992 pasr'tiaa:
606 2918 722 2975 duratio
745 2917 808 2976 sine
830 2917 914 2975 initio
936 2928 966 2976 et
987 2918 1055 2978 sine
1077 2922 1129 2976 fine

145 3003 175 3056 in
196 3005 325 3071 emenda,-
346 3022 423 3076 quae
445 3013 504 3061 est:

206 3083 234 3156 α)
264 3089 380 3145 Realis:
409 3090 525 3147 duratio
555 3092 619 3150 sine
649 3092 733 3150 initio
762 3106 791 3152 et
826 3095 889 3152 sine
917 3097 976 3153 fine
1007 3096 1043 3154 in
1073 3114 1130 3155 esse

145 3173 264 3236 actuali,
293 3173 331 3229 de
360 3194 419 3244 qua
446 3196 543 3234 sermo
572 3181 641 3250 erit,
670 3182 721 3238 ubi
749 3182 788 3240 de
809 3183 867 3242 Dei
896 3185 1076 3245 aeternitate
1098 3185 1130 3242 di·

146 3271 255 3309 cemus.
