2350 3700
290 153 392 203 286
1036 165 1111 203 DE
1150 163 1510 201 CATEGORHS.

406 314 611 371 Vitium
671 322 789 372 est:
852 312 1078 370 habitus
1137 314 1346 371 virtuti
1401 313 1684 387 oppositus
1697 356 1715 379 ‚
1779 310 1816 368 i.
1877 328 1933 369 e.
1995 310 2252 367 inclinans

275 404 587 478 potentiam
628 402 965 460 rationalem
1007 411 1065 459 in
1108 411 1338 460 malum.

407 502 501 559 De
543 499 790 559 diversis
830 498 1056 559 virtutis
1099 499 1413 575 speciebus
1455 516 1653 557 sermo
1696 498 1810 557 erit
1851 499 1918 555 in
1962 498 2177 556 ethica.

1056 679 1390 727 ART1cusz
1429 691 1490 728 11.

992 792 1089 841 DE
1128 793 1556 857 RELATIONE.

1083 930 1117 997 g
1162 946 1206 983 1.
1271 934 1461 983 Notio.

407 1058 529 1115 Res
570 1055 660 1113 his
701 1055 761 1113 in
805 1054 993 1127 terriS,
1039 1056 1149 1115 etsi
1191 1055 1505 1115 distinctae
1548 1065 1698 1128 sunt,
1747 1056 1933 1114 immo
1978 1055 2273 1123 diversae,

284 1156 625 1204 nontamen
644 1144 962 1221 separatim
984 1145 1232 1203 omnino
1250 1145 1610 1205 coexsistunt
1629 1145 1757 1204 sine
1776 1146 1899 1203 ulla
1912 1145 2272 1204 conexione.
2309 1182 2311 1258 ἱ

287 1235 434 1293 Sunt
462 1234 622 1292 enim
664 1236 818 1293 inter
860 1252 921 1292 se
962 1234 1291 1307 ordinatae,
1336 1234 1485 1292 aliae
1527 1234 1591 1291 in
1632 1235 1776 1293 alias
1804 1233 2075 1305 influunt,
2121 1234 2275 1292 aliae

286 1323 413 1382 aliis
455 1323 794 1382 inserviunt.
882 1325 983 1382 Sol
1026 1342 1076 1383 e.
1121 1343 1178 1399 g.
1224 1323 1413 1381 influit
1453 1324 1517 1381 in
1571 1325 2014 1399 vegetationem
2057 1334 2271 1393 terrae,

286 1414 622 1488 vegetantia
642 1412 966 1471 inserviunt
985 1412 1354 1484 animalibus,
1377 1412 1656 1471 animalia
1676 1412 2002 1472 inserviunt
2021 1411 2274 1471 homini·

285 1502 411 1571 buS‚
456 1502 569 1578 ipsi
595 1501 870 1561 homines
897 1501 1052 1561 inter
1080 1520 1143 1560 se
1174 1501 1553 1560 ordinantur:
1599 1500 1748 1560 filius
1791 1519 1842 1560 e.
1873 1520 1930 1577 g.
1962 1501 2275 1579 dependet
2312 1515 2313 1587 χ

287 1610 322 1648 a
350 1601 536 1667 patre,
580 1610 781 1651 servus
824 1591 1131 1651 ordinatur
1159 1592 1239 1650 ad
1267 1592 1477 1649 herum
1507 1601 1618 1650 etc.
1675 1593 1800 1649 Res
1829 1590 2092 1667 proinde
2123 1591 2277 1648 aliae
2312 1603 2313 1636 ὲ

288 1681 621 1739 referuntur
650 1681 727 1739 ad
756 1680 916 1752 alias,
962 1691 1022 1739 et
1061 1681 1123 1739 in
1151 1680 1252 1738 illa
1279 1680 1626 1739 habitudine
1653 1679 1827 1739 unius
1854 1680 1942 1738 rei
1981 1680 2066 1737 ad
2096 1679 2276 1737 aliam

291 1769 555 1828 consistit
597 1769 809 1829 entitas
850 1769 1167 1828 relationis.

412 1869 511 1927 Ad
573 1868 922 1928 relationem
982 1886 1422 1945 quamcumque
1481 1869 1589 1927 tria
1659 1868 2072 1943 requiruntur:
2147 1871 2278 1927 sub·

292 1960 510 2017 iectum
527 2004 541 2029 ‚
586 1958 902 2028 terminus,
947 1958 1417 2017 fundamentum.
1500 1957 1584 2016 Sit
1627 1976 1678 2016 e.
1723 1977 1779 2033 g.
1825 1957 2035 2016 relatio
2081 1958 2279 2016 simili·

292 2047 509 2106 tudinis
530 2048 688 2106 Petri
707 2066 842 2106 cum
862 2049 1044 2106 Paulo
1074 2047 1135 2105 in
1157 2047 1455 2107 albedine.
1506 2047 1835 2116 Subiectum,
1868 2047 2034 2122 quod
2056 2047 2278 2105 dicitur
2314 2062 2315 2087 ¹

293 2136 472 2195 etiam
529 2138 772 2195 relatum
786 2183 803 2207 ‚
868 2147 958 2196 est.
1014 2137 1107 2206 id,
1162 2137 1319 2212 quod
1367 2136 1444 2194 ad
1486 2136 1644 2194 aliud
1701 2137 1981 2195 refertur:
2046 2138 2277 2195 Petrus.

302 2226 601 2284 Terminus
629 2227 723 2284 vel
753 2228 1108 2285 correlatum
1128 2236 1218 2284 est
1245 2226 1324 2297 id,
1356 2226 1440 2283 ad
1458 2227 1613 2300 quod
1632 2225 1963 2285 subiectum
1992 2226 2274 2284 refertur:

293 2315 519 2372 Paulus
606 2314 946 2373 Subiectum
1003 2324 1062 2373 et
1116 2315 1402 2373 terminus
1455 2324 1745 2373 vocantur
1795 2314 1976 2372 etiam
2017 2322 2275 2373 extrema

294 2403 608 2462 relationis.
668 2405 1122 2461 Fundamentum
1142 2413 1232 2463 est
1258 2407 1426 2474 ratic),
1458 2416 1704 2480 propter
1731 2422 1914 2479 quam
1942 2405 2274 2463 subiectum

293 2493 371 2550 ad
431 2492 746 2552 terminum
806 2494 1073 2552 refertur.
1171 2493 1403 2551 Dicitur
1470 2511 1926 2568 nonnumquam
2003 2494 2275 2552 «tertium

294 2582 827 2658 comparationis»:
879 2582 1115 2641 albed0.

415 2680 643 2739 Entitas
685 2691 883 2740 autem
938 2680 1242 2740 relationis
1258 2727 1272 2752 ‚
1333 2681 1658 2740 formaliter
1713 2682 2129 2752 considerata,
2191 2692 2278 2739 est

294 2770 487 2845 ipsum
527 2769 671 2828 illud
713 2788 841 2829 esse
883 2770 961 2829 ad
990 2770 1245 2845 aliquid:
1291 2769 1352 2827 in
1382 2772 1657 2846 exemplo
1687 2770 1881 2841 allat0,
1928 2768 2272 2828 similitudo,

415 2869 615 2927 Potest
653 2867 909 2944 proinde
953 2867 1159 2926 relatio
1202 2868 1534 2943 generatim
1562 2867 1825 2926 definiri:
1868 2867 2147 2926 habitudo
2183 2887 2273 2926 seu

301 2965 566 3034 respectus
606 2960 775 3015 unius
815 2958 899 3015 ad
931 2958 1103 3015 aliud

1060 3131 1095 3198 ἓ
1135 3147 1185 3185 2.
1250 3136 1501 3198 Species·

413 3256 728 3330 Theologi,
773 3257 1135 3316 revelatione
1178 3257 1395 3330 edocti,
1439 3259 1756 3317 relationes
1799 3269 2178 3333 cognoscunt
2211 3258 2264 3315 in

300 3352 432 3415 Πὲςι
496 3343 813 3413 increatas,
885 3362 986 3402 eas
1045 3343 1299 3416 scilicet,
1370 3364 1525 3421 quae
1585 3346 1737 3405 inter
1795 3355 1914 3405 tres
1985 3364 2259 3423 personas

620 3556 740 3680 Χ
