2350 3700
439 138 478 175 oa
497 138 692 177 noomsrlsuo.
1009 140 1056 190 131

43 284 218 341 ratiocinia
233 302 298 343 sese
312 285 490 344 manifestat.
526 286 586 344 Sed
601 286 748 362 quidquid
763 297 807 345 est
820 287 859 346 de
873 286 975 359 modo,
998 305 1059 362 quo

43 370 140 431 haec
154 372 312 433 visibilitas
327 383 460 450 apparet,
483 375 644 435 reflexione
658 385 781 451 peracta
794 394 883 452 super
897 394 1057 447 assensum,

45 462 145 520 clare
167 481 291 540 semper
311 463 461 536 videmus,
490 464 535 522 his
562 464 594 522 in
622 464 738 524 casibus
767 465 919 537 omnibus,
941 466 1059 524 firmum

47 570 225 611 assensum
245 552 365 611 anobis
379 552 522 628 praestari
536 564 660 629 propter
675 553 858 613 evidentiam
879 554 1058 613 obiectivam

46 639 219 699 internam
240 642 334 700 menti
354 660 419 701 sese
441 641 689 701 manifestantem.

124 750 153 789 2.
178 731 257 789 Sunt
284 740 384 789 tamen
405 730 543 791 veritates
563 750 627 790 non
647 750 778 807 paucae,
808 733 916 809 quibus
936 733 1059 793 firmiter

52 818 282 891 adhaeremus,
314 822 385 895 quin
416 838 517 879 earum
547 821 697 880 evidentia
726 823 841 879 interna
871 822 963 881 menti
994 840 1058 881 sese

53 910 253 981 manifestet,
283 920 314 968 ut
335 929 403 969 cum
423 910 483 969 fide
511 910 624 985 aliquid
649 920 793 970 tenemus.
834 912 942 987 Neque
963 911 1060 971 inanis

54 1008 133 1057 tunc
155 1001 208 1057 vel
231 1017 339 1059 caecus
358 1018 494 1059 assensus
514 1010 617 1059 noster
642 1000 788 1060 dicendus
808 1010 860 1060 est.
902 1001 994 1060 Cuius
1015 1000 1058 1060 rei

58 1089 174 1147 veritas
190 1106 230 1147 ex
244 1088 405 1149 reflexione
420 1089 451 1147 in
465 1089 635 1149 huiusmodi
644 1109 796 1149 assensum
810 1090 884 1149 item
892 1092 1057 1168 apparebit.

59 1178 189 1255 Duplici
212 1178 296 1237 enim
315 1180 407 1238 modo
428 1178 493 1239 talis
521 1197 657 1239 assensus
677 1181 778 1238 firmus
802 1179 967 1255 generatim
995 1179 1059 1239 fieri

60 1277 181 1342 potest:

124 1351 155 1431 a)
178 1358 406 1433 Saepenumero
433 1359 477 1429 fit,
499 1367 531 1415 ut
551 1359 718 1417 intellectus
744 1359 808 1417 sola
828 1358 910 1417 testis
937 1358 1060 1417 alicuius

63 1446 246 1505 auctoritate
268 1456 422 1506 moveatur
440 1448 479 1507 ad
498 1446 622 1506 firmiter
636 1446 861 1506 adhaerendum
875 1447 1058 1518 enuntiabili,

63 1535 151 1593 cuius
179 1534 332 1594 evidentia
358 1536 476 1595 interna
502 1555 565 1595 non
593 1537 723 1612 affulget.
764 1539 851 1595 Tunc
871 1546 985 1607 autem,
1015 1554 1058 1595 re·

62 1624 198 1683 flexione
220 1624 252 1682 iu
274 1636 372 1684 actum
392 1644 477 1684 suum
497 1642 641 1698 reversus,
664 1627 743 1685 clare
757 1625 839 1686 videt
859 1626 938 1684 hunc
959 1637 1059 1684 actum

62 1714 141 1785 fieri,
163 1732 229 1772 non
250 1715 304 1773 sub
326 1733 419 1773 caeca
438 1715 486 1774 vel
503 1716 634 1774 violenta
648 1715 828 1774 auctoritatis
841 1716 983 1787 motione,
1004 1714 1059 1775 sed

57 1810 186 1880 propter
207 1804 374 1862 amentiam
395 1805 554 1864 abiacaaam
574 1806 663 1881 ipsam
682 1805 767 1863 huius
783 1807 961 1864 auctoritates
973 1806 1061 1863 nunti

65 1893 289 1968 manifestatam
302 1895 319 1952 ¹.

127 1977 161 2056 b)
183 1983 255 2040 Non
276 2002 343 2042 raro
358 1983 448 2042 etiam
466 1985 506 2055 fit,
528 1994 560 2042 ut
580 1983 754 2055 intellectus,
776 1982 927 2043 evidentia
942 1983 1060 2042 interna

65 2071 193 2130 alicuius
211 2072 350 2141 veritatis,
373 2084 445 2150 puta
465 2073 586 2132 alicuius
600 2073 789 2133 enuntiabilis
809 2075 857 2132 vel
871 2074 961 2150 ipsius
982 2074 1059 2133 testi·

65 2159 172 2232 monii,
195 2162 370 2237 imperfecte
386 2172 500 2221 tantum
515 2163 710 2235 manifestata,
731 2163 855 2223 firmiter
868 2163 1059 2222 nihilominus

66 2251 241 2309 adhaereat.
282 2250 373 2310 Cuius
394 2269 529 2311 assensus
550 2252 694 2311 motivum
714 2262 785 2311 tunc
806 2253 966 2312 reflexione
987 2253 1059 2312 item

67 2339 281 2414 cognoscimus
301 2339 483 2400 evidentiam
503 2359 568 2400 esse
589 2341 720 2416 aliquam
734 2341 922 2400 obiectivam.
950 2344 985 2400 In
999 2342 1059 2400 hoc

67 2429 152 2486 enim
173 2447 245 2487 casu
265 2429 340 2488 ratio
353 2431 507 2505 firmitatis
527 2449 663 2490 assensus
687 2430 836 2490 invenitur
861 2431 893 2490 in
920 2433 1059 2490 evidentm

12 2569 13 2572 ,
67 2519 204 2576 obiactma
224 2520 428 2595 imprudentiae
448 2520 639 2580 dubitationis
660 2520 753 2579 menti
780 2531 959 2596 apparente,
990 2521 1008 2579 i.
1030 2539 1057 2579 e.

67 2625 155 2666 mens
176 2609 258 2666 clare
278 2609 360 2667 videt
379 2609 584 2685 imprudenter
606 2628 637 2668 se
658 2620 791 2669 acturam
811 2628 888 2681 esse,
911 2610 935 2669 si
955 2609 987 2668 in
1007 2609 1058 2668 tali

68 2715 141 2755 casu
162 2697 355 2757 formidinem
377 2699 496 2759 errandi
517 2718 580 2758 non
602 2709 762 2758 excuteret.

129 2787 219 2845 Haec
241 2788 351 2864 duplex
371 2788 522 2848 evidentia
541 2789 705 2861 obiectiva,
734 2806 802 2848 cum
828 2807 892 2848 non
913 2789 949 2848 sit
968 2789 1059 2866 ipsius

67 2875 201 2934 veritatis
223 2876 270 2935 cui
291 2895 426 2937 assensus
447 2888 624 2954 praestatur,
654 2878 708 2937 sed
728 2879 876 2937 rationum
897 2878 966 2937 huic
986 2879 1059 2937 veri·

68 2965 120 3023 tati
141 2975 341 3039 externarum,
364 2967 472 3026 dicitur
491 2969 631 3026 evidentia
651 2969 783 3026 abiectiva
803 2976 930 3027 externa.

130 3168 222 3218 ¹Non
248 3170 372 3235 loquimur
397 3171 438 3220 hic
466 3172 498 3220 de
524 3180 581 3220 actu
606 3171 665 3221 fidei
690 3173 900 3236 supernaturalis,
927 3174 960 3220 ad
984 3190 1058 3238 quem

71 3264 169 3316 semper
188 3251 267 3300 motio
286 3252 409 3316 quaedam
427 3252 524 3316 gratiae
543 3252 692 3316 requiritur;
721 3252 767 3302 sed
795 3253 915 3302 naturalis
940 3252 1000 3302 fidei
1019 3271 1059 3303 ex-

70 3333 192 3396 plicamus
212 3340 303 3390 actum,
323 3333 362 3381 cui
384 3341 466 3381 tamen
485 3341 554 3381 actus
574 3333 769 3400 supernaturalis
788 3332 910 3399 analogus
929 3343 974 3383 est.

856 3422 897 3480 9⁸
