<?xml version="1.0" encoding="UTF-8"?>
<!DOCTYPE html PUBLIC "-//W3C//DTD XHTML 1.0 Transitional//EN"
    "http://www.w3.org/TR/xhtml1/DTD/xhtml1-transitional.dtd">
<html xmlns="http://www.w3.org/1999/xhtml" xml:lang="en" lang="en">
 <head>
  <title>
</title>
<meta http-equiv="Content-Type" content="text/html;charset=utf-8" />
  <meta name='ocr-system' content='tesseract 3.04.00' />
  <meta name='ocr-capabilities' content='ocr_page ocr_carea ocr_par ocr_line ocrx_word'/>
</head>
<body>
  <div class='ocr_page' id='page_1' title='image "./elementaphiloso00reingoog_0298.png"; bbox 0 0 2350 3700; ppageno 0'>
   <div class='ocr_carea' id='block_1_1' title="bbox 147 113 758 161">
    <p class='ocr_par' dir='ltr' id='par_1_1' title="bbox 147 113 758 161">
     <span class='ocr_line' id='line_1_1' title="bbox 147 113 758 161; baseline 0.005 -3"><span class='ocrx_word' id='word_1_1' title='bbox 147 113 199 161; x_wconf 86' lang='lat'>266</span> <span class='ocrx_word' id='word_1_2' title='bbox 523 124 562 160; x_wconf 82' lang='lat' dir='ltr'>or.</span> <span class='ocrx_word' id='word_1_3' title='bbox 580 124 758 161; x_wconf 72' lang='lat' dir='ltr'>cnraoorrrs.</span> 
     </span>
    </p>
   </div>
   <div class='ocr_carea' id='block_1_2' title="bbox 144 271 1127 1683">
    <p class='ocr_par' dir='ltr' id='par_1_2' title="bbox 144 271 1121 705">
     <span class='ocr_line' id='line_1_2' title="bbox 144 271 1119 348; baseline -0.002 -18"><span class='ocrx_word' id='word_1_4' title='bbox 144 274 274 341; x_wconf 76' lang='lat' dir='ltr'>debetur,</span> <span class='ocrx_word' id='word_1_5' title='bbox 304 283 335 331; x_wconf 90' lang='lat' dir='ltr'>ut</span> <span class='ocrx_word' id='word_1_6' title='bbox 354 272 412 348; x_wconf 92' lang='lat' dir='ltr'>ipsi</span> <span class='ocrx_word' id='word_1_7' title='bbox 431 272 601 344; x_wconf 87' lang='lat' dir='ltr'>inhaereat,</span> <span class='ocrx_word' id='word_1_8' title='bbox 624 272 688 330; x_wconf 91' lang='lat' dir='ltr'>aliis</span> <span class='ocrx_word' id='word_1_9' title='bbox 707 271 821 330; x_wconf 87' lang='lat' dir='ltr'>verbis:</span> <span class='ocrx_word' id='word_1_10' title='bbox 849 272 889 329; x_wconf 90' lang='lat' dir='ltr'>ad</span> <span class='ocrx_word' id='word_1_11' title='bbox 910 271 1064 330; x_wconf 85' lang='lat' dir='ltr'>essentiam</span> <span class='ocrx_word' id='word_1_12' title='bbox 1082 290 1119 328; x_wconf 90' lang='lat' dir='ltr'>ac·</span> 
     </span>
     <span class='ocr_line' id='line_1_3' title="bbox 145 360 1120 437; baseline -0.002 -18"><span class='ocrx_word' id='word_1_13' title='bbox 145 361 273 421; x_wconf 92' lang='lat' dir='ltr'>cidentis</span> <span class='ocrx_word' id='word_1_14' title='bbox 292 360 423 437; x_wconf 88' lang='lat' dir='ltr'><strong>pertinet</strong></span> <span class='ocrx_word' id='word_1_15' title='bbox 436 371 551 421; x_wconf 87' lang='lat' dir='ltr'>tantum</span> <span class='ocrx_word' id='word_1_16' title='bbox 564 362 693 437; x_wconf 83' lang='lat' dir='ltr'>aptitudo</span> <span class='ocrx_word' id='word_1_17' title='bbox 713 362 755 417; x_wconf 83' lang='lat' dir='ltr'>ad</span> <span class='ocrx_word' id='word_1_18' title='bbox 771 361 975 419; x_wconf 79' lang='lat' dir='ltr'>inhaerendum</span> <span class='ocrx_word' id='word_1_19' title='bbox 987 362 1004 419; x_wconf 84' lang='lat'>¹.</span> <span class='ocrx_word' id='word_1_20' title='bbox 1038 360 1120 417; x_wconf 89' lang='lat' dir='ltr'>Philo·</span> 
     </span>
     <span class='ocr_line' id='line_1_4' title="bbox 145 449 1121 527; baseline -0.004 -18"><span class='ocrx_word' id='word_1_21' title='bbox 145 451 230 527; x_wconf 91' lang='lat' dir='ltr'>sophi</span> <span class='ocrx_word' id='word_1_22' title='bbox 252 451 381 525; x_wconf 85' lang='lat' dir='ltr'>proinde</span> <span class='ocrx_word' id='word_1_23' title='bbox 402 462 432 509; x_wconf 92' lang='lat' dir='ltr'>et</span> <span class='ocrx_word' id='word_1_24' title='bbox 461 450 637 527; x_wconf 89' lang='lat' dir='ltr'>praesertim</span> <span class='ocrx_word' id='word_1_25' title='bbox 666 450 814 525; x_wconf 85' lang='lat' dir='ltr'>theologi,</span> <span class='ocrx_word' id='word_1_26' title='bbox 846 449 999 524; x_wconf 90' lang='lat' dir='ltr'>loquendo</span> <span class='ocrx_word' id='word_1_27' title='bbox 1028 450 1064 508; x_wconf 90' lang='lat' dir='ltr'>de</span> <span class='ocrx_word' id='word_1_28' title='bbox 1087 449 1121 505; x_wconf 89' lang='lat' dir='ltr'>in·</span> 
     </span>
     <span class='ocr_line' id='line_1_5' title="bbox 145 538 1121 615; baseline -0.002 -18"><span class='ocrx_word' id='word_1_29' title='bbox 145 540 298 599; x_wconf 89' lang='lat' dir='ltr'>haerentia</span> <span class='ocrx_word' id='word_1_30' title='bbox 331 540 550 611; x_wconf 88' lang='lat' dir='ltr'>accidentium,</span> <span class='ocrx_word' id='word_1_31' title='bbox 589 539 774 615; x_wconf 86' lang='lat' dir='ltr'>distinguunt</span> <span class='ocrx_word' id='word_1_32' title='bbox 806 539 884 598; x_wconf 88' lang='lat' dir='ltr'>inter</span> <span class='ocrx_word' id='word_1_33' title='bbox 919 538 1121 597; x_wconf 82' lang='lat' dir='ltr'>inhaerentiam</span> 
     </span>
     <span class='ocr_line' id='line_1_6' title="bbox 144 629 812 705; baseline 0.001 -19"><span class='ocrx_word' id='word_1_34' title='bbox 144 630 359 705; x_wconf 80' lang='lat' dir='ltr'>aptitudinalem</span> <span class='ocrx_word' id='word_1_35' title='bbox 379 640 410 687; x_wconf 93' lang='lat' dir='ltr'>et</span> <span class='ocrx_word' id='word_1_36' title='bbox 430 629 647 688; x_wconf 85' lang='lat' dir='ltr'>inhaerentiam</span> <span class='ocrx_word' id='word_1_37' title='bbox 668 629 812 687; x_wconf 81' lang='lat' dir='ltr'>actualem.</span> 
     </span>
    </p>

    <p class='ocr_par' dir='ltr' id='par_1_3' title="bbox 144 716 1127 1683">
     <span class='ocr_line' id='line_1_7' title="bbox 207 716 1123 794; baseline -0.002 -18"><span class='ocrx_word' id='word_1_38' title='bbox 207 739 233 776; x_wconf 90' lang='lat'>2.</span> <span class='ocrx_word' id='word_1_39' title='bbox 261 737 318 777; x_wconf 79' lang='lat' dir='ltr'>esse</span> <span class='ocrx_word' id='word_1_40' title='bbox 337 721 369 776; x_wconf 86' lang='lat' dir='ltr'>in</span> <span class='ocrx_word' id='word_1_41' title='bbox 388 720 446 776; x_wconf 85' lang='lat' dir='ltr'>alia</span> <span class='ocrx_word' id='word_1_42' title='bbox 466 726 611 794; x_wconf 82' lang='lat' dir='ltr'>tamquam</span> <span class='ocrx_word' id='word_1_43' title='bbox 631 720 662 776; x_wconf 84' lang='lat' dir='ltr'>in</span> <span class='ocrx_word' id='word_1_44' title='bbox 681 718 806 776; x_wconf 78' lang='lat' dir='ltr'>subiecta.</span> <span class='ocrx_word' id='word_1_45' title='bbox 850 718 967 775; x_wconf 87' lang='lat' dir='ltr'>Dicitur</span> <span class='ocrx_word' id='word_1_46' title='bbox 987 716 1067 775; x_wconf 90' lang='lat' dir='ltr'>enim</span> <span class='ocrx_word' id='word_1_47' title='bbox 1086 736 1123 773; x_wconf 86' lang='lat' dir='ltr'>ac·</span> 
     </span>
     <span class='ocr_line' id='line_1_8' title="bbox 145 806 1123 883; baseline -0.005 -16"><span class='ocrx_word' id='word_1_48' title='bbox 145 808 248 867; x_wconf 91' lang='lat' dir='ltr'>cidens</span> <span class='ocrx_word' id='word_1_49' title='bbox 275 826 342 867; x_wconf 80' lang='lat' dir='ltr'>esse</span> <span class='ocrx_word' id='word_1_50' title='bbox 369 808 401 867; x_wconf 90' lang='lat' dir='ltr'>in</span> <span class='ocrx_word' id='word_1_51' title='bbox 427 809 503 879; x_wconf 87' lang='lat' dir='ltr'>alio,</span> <span class='ocrx_word' id='word_1_52' title='bbox 531 827 594 867; x_wconf 91' lang='lat' dir='ltr'>non</span> <span class='ocrx_word' id='word_1_53' title='bbox 622 819 774 883; x_wconf 89' lang='lat' dir='ltr'>tamquam</span> <span class='ocrx_word' id='word_1_54' title='bbox 802 826 871 882; x_wconf 90' lang='lat' dir='ltr'>pars</span> <span class='ocrx_word' id='word_1_55' title='bbox 898 807 930 864; x_wconf 93' lang='lat' dir='ltr'>in</span> <span class='ocrx_word' id='word_1_56' title='bbox 954 816 1032 876; x_wconf 92' lang='lat' dir='ltr'>toto,</span> <span class='ocrx_word' id='word_1_57' title='bbox 1060 806 1123 864; x_wconf 87' lang='lat' dir='ltr'>sicut</span> 
     </span>
     <span class='ocr_line' id='line_1_9' title="bbox 144 894 1122 969; baseline -0.005 -13"><span class='ocrx_word' id='word_1_58' title='bbox 144 898 245 956; x_wconf 90' lang='lat' dir='ltr'>anima</span> <span class='ocrx_word' id='word_1_59' title='bbox 265 908 310 957; x_wconf 89' lang='lat' dir='ltr'>est</span> <span class='ocrx_word' id='word_1_60' title='bbox 328 900 362 956; x_wconf 92' lang='lat' dir='ltr'>in</span> <span class='ocrx_word' id='word_1_61' title='bbox 381 898 513 969; x_wconf 91' lang='lat' dir='ltr'>homine,</span> <span class='ocrx_word' id='word_1_62' title='bbox 539 897 588 956; x_wconf 92' lang='lat' dir='ltr'>vel</span> <span class='ocrx_word' id='word_1_63' title='bbox 609 898 685 956; x_wconf 92' lang='lat' dir='ltr'>sicut</span> <span class='ocrx_word' id='word_1_64' title='bbox 704 906 878 956; x_wconf 89' lang='lat' dir='ltr'>contentum</span> <span class='ocrx_word' id='word_1_65' title='bbox 899 896 931 953; x_wconf 92' lang='lat' dir='ltr'>in</span> <span class='ocrx_word' id='word_1_66' title='bbox 952 894 1122 963; x_wconf 84' lang='lat' dir='ltr'>continente,</span> 
     </span>
     <span class='ocr_line' id='line_1_10' title="bbox 144 984 1123 1061; baseline -0.003 -17"><span class='ocrx_word' id='word_1_67' title='bbox 144 987 192 1046; x_wconf 90' lang='lat' dir='ltr'>vel</span> <span class='ocrx_word' id='word_1_68' title='bbox 217 1005 265 1046; x_wconf 90' lang='lat' dir='ltr'>res</span> <span class='ocrx_word' id='word_1_69' title='bbox 291 987 324 1045; x_wconf 93' lang='lat' dir='ltr'>in</span> <span class='ocrx_word' id='word_1_70' title='bbox 350 988 436 1061; x_wconf 78' lang='lat' dir='ltr'>loc03</span> <span class='ocrx_word' id='word_1_71' title='bbox 463 987 519 1046; x_wconf 91' lang='lat' dir='ltr'>sed</span> <span class='ocrx_word' id='word_1_72' title='bbox 545 986 622 1045; x_wconf 91' lang='lat' dir='ltr'>sicut</span> <span class='ocrx_word' id='word_1_73' title='bbox 648 987 679 1045; x_wconf 92' lang='lat' dir='ltr'>in</span> <span class='ocrx_word' id='word_1_74' title='bbox 707 986 841 1045; x_wconf 87' lang='lat' dir='ltr'>subiecto</span> <span class='ocrx_word' id='word_1_75' title='bbox 868 985 1055 1045; x_wconf 87' lang='lat' dir='ltr'>inhaesionis.</span> <span class='ocrx_word' id='word_1_76' title='bbox 1094 984 1123 1041; x_wconf 91' lang='lat' dir='ltr'>Id</span> 
     </span>
     <span class='ocr_line' id='line_1_11' title="bbox 144 1073 1121 1152; baseline -0.005 -18"><span class='ocrx_word' id='word_1_77' title='bbox 144 1088 197 1146; x_wconf 87' lang='lat' dir='ltr'>est,</span> <span class='ocrx_word' id='word_1_78' title='bbox 218 1076 360 1136; x_wconf 87' lang='lat' dir='ltr'>accidens</span> <span class='ocrx_word' id='word_1_79' title='bbox 380 1095 417 1136; x_wconf 90' lang='lat' dir='ltr'>ex</span> <span class='ocrx_word' id='word_1_80' title='bbox 437 1096 490 1136; x_wconf 89' lang='lat' dir='ltr'>sua</span> <span class='ocrx_word' id='word_1_81' title='bbox 517 1086 623 1135; x_wconf 89' lang='lat' dir='ltr'>natura</span> <span class='ocrx_word' id='word_1_82' title='bbox 643 1094 705 1134; x_wconf 90' lang='lat' dir='ltr'>non</span> <span class='ocrx_word' id='word_1_83' title='bbox 726 1075 795 1135; x_wconf 88' lang='lat' dir='ltr'>satis</span> <span class='ocrx_word' id='word_1_84' title='bbox 821 1073 1015 1152; x_wconf 77' lang='lat' dir='ltr'>perfectionis</span> <span class='ocrx_word' id='word_1_85' title='bbox 1034 1075 1121 1141; x_wconf 89' lang='lat' dir='ltr'>habet,</span> 
     </span>
     <span class='ocr_line' id='line_1_12' title="bbox 144 1164 1121 1241; baseline -0.004 -18"><span class='ocrx_word' id='word_1_86' title='bbox 144 1176 176 1223; x_wconf 90' lang='lat' dir='ltr'>ut</span> <span class='ocrx_word' id='word_1_87' title='bbox 185 1166 215 1223; x_wconf 91' lang='lat' dir='ltr'>in</span> <span class='ocrx_word' id='word_1_88' title='bbox 225 1184 258 1225; x_wconf 90' lang='lat' dir='ltr'>se</span> <span class='ocrx_word' id='word_1_89' title='bbox 267 1166 395 1238; x_wconf 82' lang='lat' dir='ltr'>exsistat,</span> <span class='ocrx_word' id='word_1_90' title='bbox 409 1167 464 1226; x_wconf 88' lang='lat' dir='ltr'>sed</span> <span class='ocrx_word' id='word_1_91' title='bbox 477 1166 635 1241; x_wconf 85' lang='lat' dir='ltr'>requiritur</span> <span class='ocrx_word' id='word_1_92' title='bbox 645 1165 766 1241; x_wconf 90' lang='lat' dir='ltr'>aliquid,</span> <span class='ocrx_word' id='word_1_93' title='bbox 783 1165 865 1239; x_wconf 92' lang='lat' dir='ltr'>quod</span> <span class='ocrx_word' id='word_1_94' title='bbox 875 1164 973 1241; x_wconf 86' lang='lat' dir='ltr'>ipsum</span> <span class='ocrx_word' id='word_1_95' title='bbox 983 1173 1121 1233; x_wconf 89' lang='lat' dir='ltr'>sustentet,</span> 
     </span>
     <span class='ocr_line' id='line_1_13' title="bbox 146 1252 1122 1330; baseline -0.005 -17"><span class='ocrx_word' id='word_1_96' title='bbox 146 1265 177 1313; x_wconf 89' lang='lat' dir='ltr'>et</span> <span class='ocrx_word' id='word_1_97' title='bbox 195 1255 268 1313; x_wconf 92' lang='lat' dir='ltr'>illud</span> <span class='ocrx_word' id='word_1_98' title='bbox 282 1255 395 1330; x_wconf 88' lang='lat' dir='ltr'>aliquid</span> <span class='ocrx_word' id='word_1_99' title='bbox 415 1257 563 1313; x_wconf 80' lang='lat' dir='ltr'>secumdum</span> <span class='ocrx_word' id='word_1_100' title='bbox 583 1262 741 1313; x_wconf 71' lang='lat' dir='ltr'>cannatum</span> <span class='ocrx_word' id='word_1_101' title='bbox 755 1255 881 1312; x_wconf 76' lang='lat' dir='ltr'>ordinem</span> <span class='ocrx_word' id='word_1_102' title='bbox 895 1260 1018 1311; x_wconf 80' lang='lat' dir='ltr'>naturae</span> <span class='ocrx_word' id='word_1_103' title='bbox 1036 1263 1077 1311; x_wconf 89' lang='lat' dir='ltr'>est</span> <span class='ocrx_word' id='word_1_104' title='bbox 1089 1252 1122 1309; x_wconf 93' lang='lat' dir='ltr'>de</span> 
     </span>
     <span class='ocr_line' id='line_1_14' title="bbox 145 1342 1123 1403; baseline -0.002 -3"><span class='ocrx_word' id='word_1_105' title='bbox 145 1343 225 1401; x_wconf 88' lang='lat' dir='ltr'>facto</span> <span class='ocrx_word' id='word_1_106' title='bbox 246 1343 309 1403; x_wconf 91' lang='lat' dir='ltr'>eius</span> <span class='ocrx_word' id='word_1_107' title='bbox 329 1345 494 1403; x_wconf 91' lang='lat' dir='ltr'>subiectum</span> <span class='ocrx_word' id='word_1_108' title='bbox 507 1345 556 1403; x_wconf 92' lang='lat' dir='ltr'>vel</span> <span class='ocrx_word' id='word_1_109' title='bbox 576 1343 747 1403; x_wconf 87' lang='lat' dir='ltr'>substantia.</span> <span class='ocrx_word' id='word_1_110' title='bbox 784 1342 875 1403; x_wconf 91' lang='lat' dir='ltr'>Unde</span> <span class='ocrx_word' id='word_1_111' title='bbox 889 1342 922 1399; x_wconf 91' lang='lat' dir='ltr'>in</span> <span class='ocrx_word' id='word_1_112' title='bbox 936 1342 1043 1401; x_wconf 87' lang='lat' dir='ltr'>Schola</span> <span class='ocrx_word' id='word_1_113' title='bbox 1055 1343 1123 1399; x_wconf 89' lang='lat' dir='ltr'>haec</span> 
     </span>
     <span class='ocr_line' id='line_1_15' title="bbox 145 1431 1125 1492; baseline -0.002 -3"><span class='ocrx_word' id='word_1_114' title='bbox 145 1433 294 1491; x_wconf 85' lang='lat' dir='ltr'>axiomata</span> <span class='ocrx_word' id='word_1_115' title='bbox 306 1434 475 1492; x_wconf 90' lang='lat' dir='ltr'>traduntur:</span> <span class='ocrx_word' id='word_1_116' title='bbox 501 1434 654 1491; x_wconf 68' lang='lat' dir='ltr'>«Araricus</span> <span class='ocrx_word' id='word_1_117' title='bbox 667 1440 709 1490; x_wconf 82' lang='lat' dir='ltr'>est</span> <span class='ocrx_word' id='word_1_118' title='bbox 728 1450 776 1490; x_wconf 82' lang='lat' dir='ltr'>ens</span> <span class='ocrx_word' id='word_1_119' title='bbox 789 1435 876 1490; x_wconf 69' lang='lat' dir='ltr'>entra»</span> <span class='ocrx_word' id='word_1_120' title='bbox 901 1464 937 1472; x_wconf 91' lang='lat'>—</span> <span class='ocrx_word' id='word_1_121' title='bbox 964 1431 1125 1489; x_wconf 68' lang='lat' dir='ltr'>«Acadama</span> 
     </span>
     <span class='ocr_line' id='line_1_16' title="bbox 145 1521 1127 1597; baseline -0.001 -19"><span class='ocrx_word' id='word_1_122' title='bbox 145 1530 187 1579; x_wconf 81' lang='lat' dir='ltr'>cst</span> <span class='ocrx_word' id='word_1_123' title='bbox 211 1525 324 1580; x_wconf 74' lang='lat' dir='ltr'>inesse.»</span> <span class='ocrx_word' id='word_1_124' title='bbox 375 1525 421 1581; x_wconf 86' lang='lat' dir='ltr'>Ex</span> <span class='ocrx_word' id='word_1_125' title='bbox 447 1523 493 1581; x_wconf 93' lang='lat' dir='ltr'>his</span> <span class='ocrx_word' id='word_1_126' title='bbox 521 1522 610 1581; x_wconf 87' lang='lat' dir='ltr'>etiarn</span> <span class='ocrx_word' id='word_1_127' title='bbox 638 1522 792 1597; x_wconf 88' lang='lat' dir='ltr'>intelleges</span> <span class='ocrx_word' id='word_1_128' title='bbox 823 1521 1002 1580; x_wconf 88' lang='lat' dir='ltr'>substantiae</span> <span class='ocrx_word' id='word_1_129' title='bbox 1028 1538 1127 1578; x_wconf 87' lang='lat' dir='ltr'>munus</span> 
     </span>
     <span class='ocr_line' id='line_1_17' title="bbox 145 1609 998 1683; baseline 0 -14"><span class='ocrx_word' id='word_1_130' title='bbox 145 1611 354 1670; x_wconf 87' lang='lat' dir='ltr'>secundarium</span> <span class='ocrx_word' id='word_1_131' title='bbox 374 1630 448 1683; x_wconf 92' lang='lat' dir='ltr'>esse,</span> <span class='ocrx_word' id='word_1_132' title='bbox 470 1622 502 1669; x_wconf 93' lang='lat' dir='ltr'>ut</span> <span class='ocrx_word' id='word_1_133' title='bbox 522 1612 559 1670; x_wconf 91' lang='lat' dir='ltr'>sit</span> <span class='ocrx_word' id='word_1_134' title='bbox 579 1612 747 1671; x_wconf 89' lang='lat' dir='ltr'>subiectum</span> <span class='ocrx_word' id='word_1_135' title='bbox 770 1609 970 1670; x_wconf 87' lang='lat' dir='ltr'>accidentium</span> <span class='ocrx_word' id='word_1_136' title='bbox 980 1610 998 1669; x_wconf 77' lang='lat'>².</span> 
     </span>
    </p>
   </div>
   <div class='ocr_carea' id='block_1_3' title="bbox 145 1785 1136 3377">
    <p class='ocr_par' dir='ltr' id='par_1_4' title="bbox 145 1785 1136 2897">
     <span class='ocr_line' id='line_1_18' title="bbox 208 1785 1127 1854; baseline -0.002 -17"><span class='ocrx_word' id='word_1_137' title='bbox 208 1785 217 1816; x_wconf 90' lang='lat'><strong>¹</strong></span> <span class='ocrx_word' id='word_1_138' title='bbox 235 1788 277 1837; x_wconf 89' lang='lat' dir='ltr'>Ad</span> <span class='ocrx_word' id='word_1_139' title='bbox 289 1804 342 1837; x_wconf 88' lang='lat' dir='ltr'>rem</span> <span class='ocrx_word' id='word_1_140' title='bbox 355 1788 380 1837; x_wconf 89' lang='lat' dir='ltr'>S.</span> <span class='ocrx_word' id='word_1_141' title='bbox 391 1788 504 1837; x_wconf 85' lang='lat' dir='ltr'>Doctor:</span> <span class='ocrx_word' id='word_1_142' title='bbox 521 1789 634 1849; x_wconf 74' lang='lat' dir='ltr'>«Licet»,</span> <span class='ocrx_word' id='word_1_143' title='bbox 649 1789 736 1854; x_wconf 86' lang='lat' dir='ltr'>inquit,</span> <span class='ocrx_word' id='word_1_144' title='bbox 754 1789 840 1837; x_wconf 83' lang='lat' dir='ltr'>«Deus</span> <span class='ocrx_word' id='word_1_145' title='bbox 853 1796 941 1854; x_wconf 91' lang='lat' dir='ltr'>posset</span> <span class='ocrx_word' id='word_1_146' title='bbox 953 1787 1057 1854; x_wconf 82' lang='lat' dir='ltr'>aliquod</span> <span class='ocrx_word' id='word_1_147' title='bbox 1069 1788 1127 1837; x_wconf 89' lang='lat' dir='ltr'>acci-</span> 
     </span>
     <span class='ocr_line' id='line_1_19' title="bbox 146 1869 1129 1934; baseline 0 -18"><span class='ocrx_word' id='word_1_148' title='bbox 146 1869 209 1917; x_wconf 90' lang='lat' dir='ltr'>dens</span> <span class='ocrx_word' id='word_1_149' title='bbox 227 1885 346 1934; x_wconf 84' lang='lat' dir='ltr'>separare</span> <span class='ocrx_word' id='word_1_150' title='bbox 365 1887 380 1918; x_wconf 90' lang='lat' dir='ltr'>a</span> <span class='ocrx_word' id='word_1_151' title='bbox 398 1869 528 1930; x_wconf 86' lang='lat' dir='ltr'>subiecto,</span> <span class='ocrx_word' id='word_1_152' title='bbox 556 1879 583 1919; x_wconf 91' lang='lat' dir='ltr'>ut</span> <span class='ocrx_word' id='word_1_153' title='bbox 602 1870 770 1919; x_wconf 89' lang='lat' dir='ltr'>communiter</span> <span class='ocrx_word' id='word_1_154' title='bbox 788 1879 887 1919; x_wconf 89' lang='lat' dir='ltr'>tenetur</span> <span class='ocrx_word' id='word_1_155' title='bbox 906 1871 938 1919; x_wconf 92' lang='lat' dir='ltr'>de</span> <span class='ocrx_word' id='word_1_156' title='bbox 962 1869 1129 1920; x_wconf 85' lang='lat' dir='ltr'>accidentibus</span> 
     </span>
     <span class='ocr_line' id='line_1_20' title="bbox 146 1950 1131 2016; baseline 0.001 -19"><span class='ocrx_word' id='word_1_157' title='bbox 146 1950 244 1998; x_wconf 87' lang='lat' dir='ltr'>hostiae</span> <span class='ocrx_word' id='word_1_158' title='bbox 263 1958 433 2009; x_wconf 85' lang='lat' dir='ltr'>consecratae,</span> <span class='ocrx_word' id='word_1_159' title='bbox 453 1958 537 1999; x_wconf 89' lang='lat' dir='ltr'>tamen</span> <span class='ocrx_word' id='word_1_160' title='bbox 556 1951 626 2016; x_wconf 89' lang='lat' dir='ltr'>quod</span> <span class='ocrx_word' id='word_1_161' title='bbox 644 1950 688 1998; x_wconf 85' lang='lat' dir='ltr'>illa</span> <span class='ocrx_word' id='word_1_162' title='bbox 706 1951 846 2000; x_wconf 85' lang='lat' dir='ltr'>accidentia</span> <span class='ocrx_word' id='word_1_163' title='bbox 857 1965 908 1999; x_wconf 90' lang='lat' dir='ltr'>non</span> <span class='ocrx_word' id='word_1_164' title='bbox 923 1950 1035 1999; x_wconf 82' lang='lat' dir='ltr'>habeant</span> <span class='ocrx_word' id='word_1_165' title='bbox 1046 1952 1131 2014; x_wconf 86' lang='lat' dir='ltr'>aptitu-</span> 
     </span>
     <span class='ocr_line' id='line_1_21' title="bbox 145 2027 1130 2095; baseline -0.002 -16"><span class='ocrx_word' id='word_1_166' title='bbox 145 2032 225 2079; x_wconf 77' lang='lat' dir='ltr'>dinem</span> <span class='ocrx_word' id='word_1_167' title='bbox 245 2030 277 2077; x_wconf 88' lang='lat' dir='ltr'>ad</span> <span class='ocrx_word' id='word_1_168' title='bbox 296 2030 444 2092; x_wconf 89' lang='lat' dir='ltr'>subiectum,</span> <span class='ocrx_word' id='word_1_169' title='bbox 463 2031 514 2079; x_wconf 92' lang='lat' dir='ltr'>hoc</span> <span class='ocrx_word' id='word_1_170' title='bbox 533 2038 573 2079; x_wconf 88' lang='lat' dir='ltr'>est</span> <span class='ocrx_word' id='word_1_171' title='bbox 592 2029 762 2095; x_wconf 76' lang='lat' dir='ltr'>impossibile»</span> <span class='ocrx_word' id='word_1_172' title='bbox 787 2027 895 2094; x_wconf 89' lang='lat' dir='ltr'>(Opusc.</span> <span class='ocrx_word' id='word_1_173' title='bbox 909 2031 1003 2089; x_wconf 88' lang='lat' dir='ltr'>XLIV,</span> <span class='ocrx_word' id='word_1_174' title='bbox 1024 2038 1093 2079; x_wconf 89' lang='lat' dir='ltr'>tract.</span> <span class='ocrx_word' id='word_1_175' title='bbox 1111 2043 1130 2088; x_wconf 89' lang='lat' dir='ltr'>r,</span> 
     </span>
     <span class='ocr_line' id='line_1_22' title="bbox 146 2106 1132 2171; baseline -0.002 -12"><span class='ocrx_word' id='word_1_176' title='bbox 146 2126 167 2159; x_wconf 87' lang='lat' dir='ltr'>c.</span> <span class='ocrx_word' id='word_1_177' title='bbox 189 2106 223 2171; x_wconf 89' lang='lat'>8).</span> <span class='ocrx_word' id='word_1_178' title='bbox 243 2135 279 2142; x_wconf 95' lang='lat'>-</span> <span class='ocrx_word' id='word_1_179' title='bbox 298 2108 331 2157; x_wconf 90' lang='lat' dir='ltr'>Et</span> <span class='ocrx_word' id='word_1_180' title='bbox 349 2110 424 2158; x_wconf 83' lang='lat' dir='ltr'>alibi:</span> <span class='ocrx_word' id='word_1_181' title='bbox 448 2110 522 2158; x_wconf 78' lang='lat' dir='ltr'>«Non</span> <span class='ocrx_word' id='word_1_182' title='bbox 542 2119 580 2160; x_wconf 91' lang='lat' dir='ltr'>est</span> <span class='ocrx_word' id='word_1_183' title='bbox 598 2111 662 2159; x_wconf 86' lang='lat' dir='ltr'>haec</span> <span class='ocrx_word' id='word_1_184' title='bbox 681 2126 741 2159; x_wconf 86' lang='lat' dir='ltr'>vera</span> <span class='ocrx_word' id='word_1_185' title='bbox 759 2109 872 2158; x_wconf 88' lang='lat' dir='ltr'>definitio</span> <span class='ocrx_word' id='word_1_186' title='bbox 891 2111 1058 2170; x_wconf 85' lang='lat' dir='ltr'>substantiae,</span> <span class='ocrx_word' id='word_1_187' title='bbox 1078 2111 1132 2158; x_wconf 85' lang='lat' dir='ltr'>sub-</span> 
     </span>
     <span class='ocr_line' id='line_1_23' title="bbox 146 2189 1133 2255; baseline -0.001 -18"><span class='ocrx_word' id='word_1_188' title='bbox 146 2190 239 2238; x_wconf 86' lang='lat' dir='ltr'>stantia</span> <span class='ocrx_word' id='word_1_189' title='bbox 257 2197 295 2238; x_wconf 89' lang='lat' dir='ltr'>est</span> <span class='ocrx_word' id='word_1_190' title='bbox 314 2191 383 2255; x_wconf 93' lang='lat' dir='ltr'>quod</span> <span class='ocrx_word' id='word_1_191' title='bbox 402 2206 448 2255; x_wconf 91' lang='lat' dir='ltr'>per</span> <span class='ocrx_word' id='word_1_192' title='bbox 466 2207 494 2238; x_wconf 87' lang='lat' dir='ltr'>se</span> <span class='ocrx_word' id='word_1_193' title='bbox 513 2199 558 2251; x_wconf 86' lang='lat' dir='ltr'>est,</span> <span class='ocrx_word' id='word_1_194' title='bbox 578 2190 627 2250; x_wconf 89' lang='lat' dir='ltr'>vel,</span> <span class='ocrx_word' id='word_1_195' title='bbox 647 2191 766 2240; x_wconf 86' lang='lat' dir='ltr'>accidens</span> <span class='ocrx_word' id='word_1_196' title='bbox 785 2199 822 2238; x_wconf 88' lang='lat' dir='ltr'>est</span> <span class='ocrx_word' id='word_1_197' title='bbox 835 2191 903 2254; x_wconf 91' lang='lat' dir='ltr'>quod</span> <span class='ocrx_word' id='word_1_198' title='bbox 916 2191 993 2238; x_wconf 89' lang='lat' dir='ltr'>estin</span> <span class='ocrx_word' id='word_1_199' title='bbox 1006 2189 1068 2248; x_wconf 86' lang='lat' dir='ltr'>alio;</span> <span class='ocrx_word' id='word_1_200' title='bbox 1088 2191 1133 2238; x_wconf 91' lang='lat' dir='ltr'>sed</span> 
     </span>
     <span class='ocr_line' id='line_1_24' title="bbox 148 2269 1131 2336; baseline -0.001 -18"><span class='ocrx_word' id='word_1_201' title='bbox 148 2277 186 2318; x_wconf 90' lang='lat' dir='ltr'>est</span> <span class='ocrx_word' id='word_1_202' title='bbox 204 2270 393 2319; x_wconf 90' lang='lat' dir='ltr'>circumlocutio</span> <span class='ocrx_word' id='word_1_203' title='bbox 411 2287 486 2320; x_wconf 86' lang='lat' dir='ltr'>verae</span> <span class='ocrx_word' id='word_1_204' title='bbox 505 2271 696 2336; x_wconf 90' lang='lat' dir='ltr'>descriptionis,</span> <span class='ocrx_word' id='word_1_205' title='bbox 723 2287 788 2336; x_wconf 90' lang='lat' dir='ltr'>quae</span> <span class='ocrx_word' id='word_1_206' title='bbox 815 2270 870 2319; x_wconf 86' lang='lat' dir='ltr'>talis</span> <span class='ocrx_word' id='word_1_207' title='bbox 896 2269 1062 2335; x_wconf 86' lang='lat' dir='ltr'>intellegitur:</span> <span class='ocrx_word' id='word_1_208' title='bbox 1081 2271 1131 2318; x_wconf 91' lang='lat' dir='ltr'>sub-</span> 
     </span>
     <span class='ocr_line' id='line_1_25' title="bbox 145 2351 1134 2410; baseline 0 -12"><span class='ocrx_word' id='word_1_209' title='bbox 145 2353 238 2400; x_wconf 82' lang='lat' dir='ltr'>stantia</span> <span class='ocrx_word' id='word_1_210' title='bbox 250 2359 285 2400; x_wconf 85' lang='lat' dir='ltr'>est</span> <span class='ocrx_word' id='word_1_211' title='bbox 296 2367 341 2410; x_wconf 81' lang='lat' dir='ltr'>res,</span> <span class='ocrx_word' id='word_1_212' title='bbox 356 2354 426 2400; x_wconf 85' lang='lat' dir='ltr'>cuius</span> <span class='ocrx_word' id='word_1_213' title='bbox 438 2359 545 2402; x_wconf 77' lang='lat' dir='ltr'>naturae</span> <span class='ocrx_word' id='word_1_214' title='bbox 556 2353 654 2401; x_wconf 80' lang='lat' dir='ltr'>debetur</span> <span class='ocrx_word' id='word_1_215' title='bbox 665 2368 713 2400; x_wconf 83' lang='lat' dir='ltr'>esre</span> <span class='ocrx_word' id='word_1_216' title='bbox 725 2368 775 2400; x_wconf 86' lang='lat' dir='ltr'>nan</span> <span class='ocrx_word' id='word_1_217' title='bbox 787 2353 814 2399; x_wconf 89' lang='lat' dir='ltr'>in</span> <span class='ocrx_word' id='word_1_218' title='bbox 827 2351 875 2399; x_wconf 87' lang='lat' dir='ltr'>alio</span> <span class='ocrx_word' id='word_1_219' title='bbox 883 2370 895 2409; x_wconf 87' lang='lat'>,·</span> <span class='ocrx_word' id='word_1_220' title='bbox 912 2352 1023 2400; x_wconf 76' lang='lat' dir='ltr'>accidens</span> <span class='ocrx_word' id='word_1_221' title='bbox 1034 2367 1090 2400; x_wconf 85' lang='lat' dir='ltr'>vera</span> <span class='ocrx_word' id='word_1_222' title='bbox 1101 2357 1134 2399; x_wconf 82' lang='lat' dir='ltr'>ert</span> 
     </span>
     <span class='ocr_line' id='line_1_26' title="bbox 146 2430 1134 2496; baseline -0.001 -17"><span class='ocrx_word' id='word_1_223' title='bbox 146 2447 192 2490; x_wconf 79' lang='lat' dir='ltr'>ras,</span> <span class='ocrx_word' id='word_1_224' title='bbox 211 2433 282 2480; x_wconf 83' lang='lat' dir='ltr'>cuius</span> <span class='ocrx_word' id='word_1_225' title='bbox 300 2439 407 2481; x_wconf 74' lang='lat' dir='ltr'>natraerae</span> <span class='ocrx_word' id='word_1_226' title='bbox 424 2434 523 2481; x_wconf 75' lang='lat' dir='ltr'>debetur</span> <span class='ocrx_word' id='word_1_227' title='bbox 540 2449 588 2482; x_wconf 80' lang='lat' dir='ltr'>esse</span> <span class='ocrx_word' id='word_1_228' title='bbox 605 2433 632 2480; x_wconf 88' lang='lat' dir='ltr'>in</span> <span class='ocrx_word' id='word_1_229' title='bbox 651 2433 707 2481; x_wconf 86' lang='lat' dir='ltr'>alia.</span> <span class='ocrx_word' id='word_1_230' title='bbox 746 2431 819 2480; x_wconf 90' lang='lat' dir='ltr'>Unde</span> <span class='ocrx_word' id='word_1_231' title='bbox 838 2440 909 2495; x_wconf 87' lang='lat' dir='ltr'>patet</span> <span class='ocrx_word' id='word_1_232' title='bbox 927 2432 1005 2496; x_wconf 91' lang='lat' dir='ltr'>quod,</span> <span class='ocrx_word' id='word_1_233' title='bbox 1026 2430 1134 2495; x_wconf 70' lang='lat' dir='ltr'>quamvis</span> 
     </span>
     <span class='ocr_line' id='line_1_27' title="bbox 146 2511 1136 2576; baseline -0.001 -17"><span class='ocrx_word' id='word_1_234' title='bbox 146 2512 263 2560; x_wconf 91' lang='lat' dir='ltr'>accidens</span> <span class='ocrx_word' id='word_1_235' title='bbox 282 2511 429 2561; x_wconf 85' lang='lat' dir='ltr'>miraculose</span> <span class='ocrx_word' id='word_1_236' title='bbox 447 2514 479 2562; x_wconf 93' lang='lat' dir='ltr'>sit</span> <span class='ocrx_word' id='word_1_237' title='bbox 497 2529 550 2561; x_wconf 89' lang='lat' dir='ltr'>non</span> <span class='ocrx_word' id='word_1_238' title='bbox 568 2513 595 2561; x_wconf 91' lang='lat' dir='ltr'>iu</span> <span class='ocrx_word' id='word_1_239' title='bbox 614 2513 736 2573; x_wconf 88' lang='lat' dir='ltr'>subiecto,</span> <span class='ocrx_word' id='word_1_240' title='bbox 756 2527 808 2560; x_wconf 90' lang='lat' dir='ltr'>non</span> <span class='ocrx_word' id='word_1_241' title='bbox 826 2520 910 2560; x_wconf 84' lang='lat' dir='ltr'>tamen</span> <span class='ocrx_word' id='word_1_242' title='bbox 929 2512 1039 2576; x_wconf 89' lang='lat' dir='ltr'>pertinet</span> <span class='ocrx_word' id='word_1_243' title='bbox 1051 2511 1082 2559; x_wconf 90' lang='lat' dir='ltr'>ad</span> <span class='ocrx_word' id='word_1_244' title='bbox 1096 2511 1136 2558; x_wconf 92' lang='lat' dir='ltr'>de-</span> 
     </span>
     <span class='ocr_line' id='line_1_28' title="bbox 146 2591 1136 2659; baseline -0.001 -20"><span class='ocrx_word' id='word_1_245' title='bbox 146 2591 286 2640; x_wconf 88' lang='lat' dir='ltr'>finitionem</span> <span class='ocrx_word' id='word_1_246' title='bbox 304 2592 473 2643; x_wconf 89' lang='lat' dir='ltr'>substantiae:</span> <span class='ocrx_word' id='word_1_247' title='bbox 501 2608 554 2642; x_wconf 91' lang='lat' dir='ltr'>non</span> <span class='ocrx_word' id='word_1_248' title='bbox 580 2593 647 2641; x_wconf 90' lang='lat' dir='ltr'>enim</span> <span class='ocrx_word' id='word_1_249' title='bbox 672 2608 720 2659; x_wconf 88' lang='lat' dir='ltr'>per</span> <span class='ocrx_word' id='word_1_250' title='bbox 745 2593 794 2641; x_wconf 92' lang='lat' dir='ltr'>hoc</span> <span class='ocrx_word' id='word_1_251' title='bbox 820 2593 874 2641; x_wconf 91' lang='lat' dir='ltr'>eius</span> <span class='ocrx_word' id='word_1_252' title='bbox 900 2601 1006 2640; x_wconf 86' lang='lat' dir='ltr'>naturae</span> <span class='ocrx_word' id='word_1_253' title='bbox 1032 2591 1136 2640; x_wconf 90' lang='lat' dir='ltr'>debetur</span> 
     </span>
     <span class='ocr_line' id='line_1_29' title="bbox 146 2672 1136 2739; baseline -0.001 -19"><span class='ocrx_word' id='word_1_254' title='bbox 146 2689 201 2721; x_wconf 91' lang='lat' dir='ltr'>esse</span> <span class='ocrx_word' id='word_1_255' title='bbox 220 2689 274 2722; x_wconf 90' lang='lat' dir='ltr'>non</span> <span class='ocrx_word' id='word_1_256' title='bbox 292 2673 317 2720; x_wconf 90' lang='lat' dir='ltr'>iu</span> <span class='ocrx_word' id='word_1_257' title='bbox 336 2673 395 2733; x_wconf 87' lang='lat' dir='ltr'>alio,</span> <span class='ocrx_word' id='word_1_258' title='bbox 415 2690 462 2723; x_wconf 93' lang='lat' dir='ltr'>nec</span> <span class='ocrx_word' id='word_1_259' title='bbox 481 2674 611 2739; x_wconf 87' lang='lat' dir='ltr'>egreditur</span> <span class='ocrx_word' id='word_1_260' title='bbox 629 2673 802 2722; x_wconf 89' lang='lat' dir='ltr'>definitionem</span> <span class='ocrx_word' id='word_1_261' title='bbox 818 2672 964 2732; x_wconf 88' lang='lat' dir='ltr'>accidentis,</span> <span class='ocrx_word' id='word_1_262' title='bbox 985 2673 1044 2738; x_wconf 91' lang='lat' dir='ltr'>quia</span> <span class='ocrx_word' id='word_1_263' title='bbox 1057 2672 1136 2720; x_wconf 83' lang='lat' dir='ltr'>adhuc</span> 
     </span>
     <span class='ocr_line' id='line_1_30' title="bbox 146 2749 1133 2816; baseline 0 -16"><span class='ocrx_word' id='word_1_264' title='bbox 146 2761 236 2801; x_wconf 88' lang='lat' dir='ltr'>natura</span> <span class='ocrx_word' id='word_1_265' title='bbox 253 2754 306 2802; x_wconf 92' lang='lat' dir='ltr'>eius</span> <span class='ocrx_word' id='word_1_266' title='bbox 324 2762 410 2802; x_wconf 88' lang='lat' dir='ltr'>manet</span> <span class='ocrx_word' id='word_1_267' title='bbox 428 2754 498 2815; x_wconf 88' lang='lat' dir='ltr'>talis,</span> <span class='ocrx_word' id='word_1_268' title='bbox 522 2762 549 2802; x_wconf 93' lang='lat' dir='ltr'>ut</span> <span class='ocrx_word' id='word_1_269' title='bbox 568 2755 591 2802; x_wconf 94' lang='lat' dir='ltr'>ei</span> <span class='ocrx_word' id='word_1_270' title='bbox 611 2753 735 2802; x_wconf 84' lang='lat' dir='ltr'>debeatur</span> <span class='ocrx_word' id='word_1_271' title='bbox 753 2769 807 2802; x_wconf 91' lang='lat' dir='ltr'>esse</span> <span class='ocrx_word' id='word_1_272' title='bbox 827 2753 851 2800; x_wconf 93' lang='lat' dir='ltr'>in</span> <span class='ocrx_word' id='word_1_273' title='bbox 871 2753 933 2801; x_wconf 77' lang='lat' dir='ltr'>alio»</span> <span class='ocrx_word' id='word_1_274' title='bbox 957 2749 1093 2816; x_wconf 90' lang='lat' dir='ltr'>(Quodlib.</span> <span class='ocrx_word' id='word_1_275' title='bbox 1113 2766 1133 2813; x_wconf 87' lang='lat'>9,</span> 
     </span>
     <span class='ocr_line' id='line_1_31' title="bbox 146 2831 404 2897; baseline 0 0"><span class='ocrx_word' id='word_1_276' title='bbox 146 2850 170 2897; x_wconf 81' lang='lat' dir='ltr'>&lt;r-</span> <span class='ocrx_word' id='word_1_277' title='bbox 192 2845 215 2896; x_wconf 75' lang='grc'>3,</span> <span class='ocrx_word' id='word_1_278' title='bbox 236 2851 257 2882; x_wconf 76' lang='lat' dir='ltr'>a·</span> <span class='ocrx_word' id='word_1_279' title='bbox 279 2847 294 2896; x_wconf 86' lang='lat'>3</span> <span class='ocrx_word' id='word_1_280' title='bbox 314 2834 347 2881; x_wconf 73' lang='lat' dir='ltr'>ad</span> <span class='ocrx_word' id='word_1_281' title='bbox 366 2831 404 2897; x_wconf 87' lang='lat'>2).</span> 
     </span>
    </p>

    <p class='ocr_par' dir='ltr' id='par_1_5' title="bbox 147 2909 1133 3377">
     <span class='ocr_line' id='line_1_32' title="bbox 207 2909 1133 2976; baseline -0.002 -15"><span class='ocrx_word' id='word_1_282' title='bbox 207 2909 288 2976; x_wconf 78' lang='lat' dir='ltr'>¹Qui</span> <span class='ocrx_word' id='word_1_283' title='bbox 313 2914 504 2964; x_wconf 86' lang='lat' dir='ltr'>distinctionem</span> <span class='ocrx_word' id='word_1_284' title='bbox 529 2914 623 2962; x_wconf 89' lang='lat' dir='ltr'>realem</span> <span class='ocrx_word' id='word_1_285' title='bbox 649 2914 783 2962; x_wconf 83' lang='lat' dir='ltr'>admittunt</span> <span class='ocrx_word' id='word_1_286' title='bbox 810 2913 875 2962; x_wconf 92' lang='lat' dir='ltr'>inter</span> <span class='ocrx_word' id='word_1_287' title='bbox 899 2913 1034 2962; x_wconf 86' lang='lat' dir='ltr'>essentiam</span> <span class='ocrx_word' id='word_1_288' title='bbox 1057 2921 1082 2961; x_wconf 87' lang='lat' dir='ltr'>et</span> <span class='ocrx_word' id='word_1_289' title='bbox 1100 2929 1133 2960; x_wconf 86' lang='lat' dir='ltr'>ex-</span> 
     </span>
     <span class='ocr_line' id='line_1_33' title="bbox 147 2992 1132 3058; baseline 0 -18"><span class='ocrx_word' id='word_1_290' title='bbox 147 2992 284 3042; x_wconf 86' lang='lat' dir='ltr'>sistentiam</span> <span class='ocrx_word' id='word_1_291' title='bbox 304 2994 435 3054; x_wconf 84' lang='lat' dir='ltr'>actualem,</span> <span class='ocrx_word' id='word_1_292' title='bbox 456 3011 508 3043; x_wconf 92' lang='lat' dir='ltr'>rem</span> <span class='ocrx_word' id='word_1_293' title='bbox 527 2995 562 3044; x_wconf 89' lang='lat' dir='ltr'>sic</span> <span class='ocrx_word' id='word_1_294' title='bbox 582 2994 709 3058; x_wconf 88' lang='lat' dir='ltr'>explicare</span> <span class='ocrx_word' id='word_1_295' title='bbox 727 3001 847 3058; x_wconf 89' lang='lat' dir='ltr'>possunt:</span> <span class='ocrx_word' id='word_1_296' title='bbox 871 2992 1026 3043; x_wconf 89' lang='lat' dir='ltr'>Accidentia</span> <span class='ocrx_word' id='word_1_297' title='bbox 1045 2993 1132 3041; x_wconf 85' lang='lat' dir='ltr'>habent</span> 
     </span>
     <span class='ocr_line' id='line_1_34' title="bbox 147 3074 1132 3124; baseline 0 -3"><span class='ocrx_word' id='word_1_298' title='bbox 147 3075 281 3122; x_wconf 88' lang='lat' dir='ltr'>essentiam</span> <span class='ocrx_word' id='word_1_299' title='bbox 300 3074 424 3124; x_wconf 89' lang='lat' dir='ltr'>actualem</span> <span class='ocrx_word' id='word_1_300' title='bbox 442 3083 470 3123; x_wconf 91' lang='lat' dir='ltr'>ut</span> <span class='ocrx_word' id='word_1_301' title='bbox 488 3075 622 3123; x_wconf 89' lang='lat' dir='ltr'>essentiam</span> <span class='ocrx_word' id='word_1_302' title='bbox 640 3075 742 3124; x_wconf 83' lang='lat' dir='ltr'>realiter</span> <span class='ocrx_word' id='word_1_303' title='bbox 760 3074 904 3123; x_wconf 87' lang='lat' dir='ltr'>distinctam</span> <span class='ocrx_word' id='word_1_304' title='bbox 923 3091 939 3122; x_wconf 87' lang='lat' dir='ltr'>a</span> <span class='ocrx_word' id='word_1_305' title='bbox 954 3074 1073 3122; x_wconf 87' lang='lat' dir='ltr'>realitate</span> <span class='ocrx_word' id='word_1_306' title='bbox 1086 3074 1132 3121; x_wconf 88' lang='lat' dir='ltr'>sub·</span> 
     </span>
     <span class='ocr_line' id='line_1_35' title="bbox 147 3154 1133 3218; baseline -0.002 -17"><span class='ocrx_word' id='word_1_307' title='bbox 147 3154 262 3214; x_wconf 86' lang='lat' dir='ltr'>stantiae,</span> <span class='ocrx_word' id='word_1_308' title='bbox 285 3155 331 3202; x_wconf 93' lang='lat' dir='ltr'>sed</span> <span class='ocrx_word' id='word_1_309' title='bbox 350 3170 403 3202; x_wconf 92' lang='lat' dir='ltr'>non</span> <span class='ocrx_word' id='word_1_310' title='bbox 422 3154 518 3202; x_wconf 86' lang='lat' dir='ltr'>habent</span> <span class='ocrx_word' id='word_1_311' title='bbox 536 3154 707 3203; x_wconf 86' lang='lat' dir='ltr'>exsistentiam</span> <span class='ocrx_word' id='word_1_312' title='bbox 726 3154 863 3218; x_wconf 88' lang='lat' dir='ltr'>propriam.</span> <span class='ocrx_word' id='word_1_313' title='bbox 894 3154 924 3202; x_wconf 93' lang='lat' dir='ltr'>In</span> <span class='ocrx_word' id='word_1_314' title='bbox 945 3154 1094 3218; x_wconf 89' lang='lat' dir='ltr'>composito</span> <span class='ocrx_word' id='word_1_315' title='bbox 1110 3169 1133 3200; x_wconf 88' lang='lat' dir='ltr'>er</span> 
     </span>
     <span class='ocr_line' id='line_1_36' title="bbox 147 3232 1133 3293; baseline 0.003 -15"><span class='ocrx_word' id='word_1_316' title='bbox 147 3232 287 3280; x_wconf 81' lang='lat' dir='ltr'>substantia</span> <span class='ocrx_word' id='word_1_317' title='bbox 304 3245 330 3280; x_wconf 88' lang='lat' dir='ltr'>et</span> <span class='ocrx_word' id='word_1_318' title='bbox 349 3233 524 3282; x_wconf 88' lang='lat' dir='ltr'>accidentibus</span> <span class='ocrx_word' id='word_1_319' title='bbox 542 3234 590 3281; x_wconf 88' lang='lat' dir='ltr'>alia</span> <span class='ocrx_word' id='word_1_320' title='bbox 608 3249 649 3282; x_wconf 92' lang='lat' dir='ltr'>res</span> <span class='ocrx_word' id='word_1_321' title='bbox 668 3242 706 3283; x_wconf 91' lang='lat' dir='ltr'>est</span> <span class='ocrx_word' id='word_1_322' title='bbox 725 3234 834 3282; x_wconf 88' lang='lat' dir='ltr'>essentia</span> <span class='ocrx_word' id='word_1_323' title='bbox 852 3233 1019 3293; x_wconf 86' lang='lat' dir='ltr'>substantiae,</span> <span class='ocrx_word' id='word_1_324' title='bbox 1041 3233 1093 3282; x_wconf 86' lang='lat' dir='ltr'>alia</span> <span class='ocrx_word' id='word_1_325' title='bbox 1103 3247 1133 3281; x_wconf 85' lang='lat' dir='ltr'>res</span> 
     </span>
     <span class='ocr_line' id='line_1_37' title="bbox 148 3311 1133 3377; baseline 0.005 -22"><span class='ocrx_word' id='word_1_326' title='bbox 148 3317 186 3355; x_wconf 90' lang='lat' dir='ltr'>est</span> <span class='ocrx_word' id='word_1_327' title='bbox 205 3311 313 3357; x_wconf 84' lang='lat' dir='ltr'>essentia</span> <span class='ocrx_word' id='word_1_328' title='bbox 331 3312 469 3359; x_wconf 90' lang='lat' dir='ltr'>accidentis</span> <span class='ocrx_word' id='word_1_329' title='bbox 488 3313 528 3359; x_wconf 90' lang='lat' dir='ltr'>vel</span> <span class='ocrx_word' id='word_1_330' title='bbox 547 3313 729 3374; x_wconf 87' lang='lat' dir='ltr'>accidentium,</span> <span class='ocrx_word' id='word_1_331' title='bbox 749 3315 857 3362; x_wconf 80' lang='lat' dir='ltr'>sednon</span> <span class='ocrx_word' id='word_1_332' title='bbox 875 3315 926 3362; x_wconf 81' lang='lat' dir='ltr'>nisi</span> <span class='ocrx_word' id='word_1_333' title='bbox 943 3315 1021 3362; x_wconf 79' lang='lat' dir='ltr'>unica</span> <span class='ocrx_word' id='word_1_334' title='bbox 1040 3316 1071 3362; x_wconf 84' lang='lat' dir='ltr'>in</span> <span class='ocrx_word' id='word_1_335' title='bbox 1089 3315 1133 3377; x_wconf 64' lang='lat' dir='ltr'>ptris</span> 
     </span>
    </p>
   </div>
   <div class='ocr_carea' id='block_1_4' title="bbox 0 0 1185 3700">
    <p class='ocr_par' dir='ltr' id='par_1_6' title="bbox 0 0 1185 3700">
     <span class='ocr_line' id='line_1_38' title="bbox 0 0 1185 3700; baseline 0 0"><span class='ocrx_word' id='word_1_336' title='bbox 0 0 1185 3700; x_wconf 95' lang='lat' dir='ltr'> </span> 
     </span>
    </p>
   </div>
  </div>
 </body>
</html>
