<?xml version="1.0" encoding="UTF-8"?>
<!DOCTYPE html PUBLIC "-//W3C//DTD XHTML 1.0 Transitional//EN"
    "http://www.w3.org/TR/xhtml1/DTD/xhtml1-transitional.dtd">
<html xmlns="http://www.w3.org/1999/xhtml" xml:lang="en" lang="en">
 <head>
  <title>
</title>
<meta http-equiv="Content-Type" content="text/html;charset=utf-8" />
  <meta name='ocr-system' content='tesseract 3.04.00' />
  <meta name='ocr-capabilities' content='ocr_page ocr_carea ocr_par ocr_line ocrx_word'/>
</head>
<body>
  <div class='ocr_page' id='page_1' title='image "./elementaphiloso00reingoog_0400.png"; bbox 0 0 2350 3700; ppageno 0'>
   <div class='ocr_carea' id='block_1_1' title="bbox 113 139 812 200">
    <p class='ocr_par' dir='ltr' id='par_1_1' title="bbox 113 139 812 200">
     <span class='ocr_line' id='line_1_1' title="bbox 113 139 812 200; baseline -0.003 -11"><span class='ocrx_word' id='word_1_1' title='bbox 113 139 165 200; x_wconf 79' lang='lat'><strong>368</strong></span> <span class='ocrx_word' id='word_1_2' title='bbox 398 152 437 187; x_wconf 82' lang='lat' dir='ltr'><strong>on</strong></span> <span class='ocrx_word' id='word_1_3' title='bbox 456 152 630 189; x_wconf 75' lang='lat' dir='ltr'><strong>xcrrvmxrs</strong></span> <span class='ocrx_word' id='word_1_4' title='bbox 650 150 812 189; x_wconf 72' lang='lat' dir='ltr'><strong>conionum.</strong></span> 
     </span>
    </p>
   </div>
   <div class='ocr_carea' id='block_1_2' title="bbox 109 298 1111 643">
    <p class='ocr_par' dir='ltr' id='par_1_2' title="bbox 109 298 1111 643">
     <span class='ocr_line' id='line_1_2' title="bbox 110 298 1105 375; baseline -0.003 -18"><span class='ocrx_word' id='word_1_5' title='bbox 110 298 291 375; x_wconf 88' lang='lat' dir='ltr'><strong>principium</strong></span> <span class='ocrx_word' id='word_1_6' title='bbox 310 298 409 357; x_wconf 91' lang='lat' dir='ltr'><strong>omnis</strong></span> <span class='ocrx_word' id='word_1_7' title='bbox 429 299 573 371; x_wconf 87' lang='lat' dir='ltr'><strong>entitatis,</strong></span> <span class='ocrx_word' id='word_1_8' title='bbox 602 298 663 359; x_wconf 90' lang='lat' dir='ltr'><strong>sive</strong></span> <span class='ocrx_word' id='word_1_9' title='bbox 691 299 781 375; x_wconf 86' lang='lat' dir='ltr'><strong>ipsius</strong></span> <span class='ocrx_word' id='word_1_10' title='bbox 809 318 866 357; x_wconf 89' lang='lat' dir='ltr'><strong>esse</strong></span> <span class='ocrx_word' id='word_1_11' title='bbox 886 298 950 359; x_wconf 90' lang='lat' dir='ltr'><strong>sive</strong></span> <span class='ocrx_word' id='word_1_12' title='bbox 978 299 1105 374; x_wconf 75' lang='lat' dir='ltr'><strong>operari,</strong></span> 
     </span>
     <span class='ocr_line' id='line_1_3' title="bbox 109 387 1111 464; baseline -0.004 -16"><span class='ocrx_word' id='word_1_13' title='bbox 109 388 276 448; x_wconf 85' lang='lat' dir='ltr'><strong>secundum</strong></span> <span class='ocrx_word' id='word_1_14' title='bbox 295 387 500 447; x_wconf 86' lang='lat' dir='ltr'><strong>definitionem</strong></span> <span class='ocrx_word' id='word_1_15' title='bbox 520 407 610 464; x_wconf 88' lang='lat' dir='ltr'><strong>supra</strong></span> <span class='ocrx_word' id='word_1_16' title='bbox 629 388 828 448; x_wconf 83' lang='lat' dir='ltr'><strong>declaratam:</strong></span> <span class='ocrx_word' id='word_1_17' title='bbox 850 390 901 447; x_wconf 91' lang='lat' dir='ltr'><strong>lex</strong></span> <span class='ocrx_word' id='word_1_18' title='bbox 921 399 1051 447; x_wconf 72' lang='lat' dir='ltr'><strong>natiuae</strong></span> <span class='ocrx_word' id='word_1_19' title='bbox 1066 395 1111 445; x_wconf 88' lang='lat' dir='ltr'><strong>est</strong></span> 
     </span>
     <span class='ocr_line' id='line_1_4' title="bbox 110 476 1111 553; baseline -0.003 -18"><span class='ocrx_word' id='word_1_20' title='bbox 110 477 217 536; x_wconf 91' lang='lat' dir='ltr'><strong>modus</strong></span> <span class='ocrx_word' id='word_1_21' title='bbox 244 488 384 537; x_wconf 86' lang='lat' dir='ltr'><strong>constans</strong></span> <span class='ocrx_word' id='word_1_22' title='bbox 412 489 442 537; x_wconf 89' lang='lat' dir='ltr'><strong>et</strong></span> <span class='ocrx_word' id='word_1_23' title='bbox 468 477 639 550; x_wconf 89' lang='lat' dir='ltr'><strong>uniformis,</strong></span> <span class='ocrx_word' id='word_1_24' title='bbox 668 495 759 553; x_wconf 86' lang='lat' dir='ltr'><strong>quern</strong></span> <span class='ocrx_word' id='word_1_25' title='bbox 785 488 911 537; x_wconf 87' lang='lat' dir='ltr'><strong>naturae</strong></span> <span class='ocrx_word' id='word_1_26' title='bbox 932 486 1058 537; x_wconf 91' lang='lat' dir='ltr'><strong>servant</strong></span> <span class='ocrx_word' id='word_1_27' title='bbox 1080 476 1111 533; x_wconf 91' lang='lat' dir='ltr'><strong>in</strong></span> 
     </span>
     <span class='ocr_line' id='line_1_5' title="bbox 111 567 529 643; baseline 0 -16"><span class='ocrx_word' id='word_1_28' title='bbox 111 567 241 627; x_wconf 86' lang='lat' dir='ltr'><strong>essendo</strong></span> <span class='ocrx_word' id='word_1_29' title='bbox 262 577 292 626; x_wconf 92' lang='lat' dir='ltr'><strong>et</strong></span> <span class='ocrx_word' id='word_1_30' title='bbox 311 568 343 625; x_wconf 92' lang='lat' dir='ltr'><strong>in</strong></span> <span class='ocrx_word' id='word_1_31' title='bbox 364 567 529 643; x_wconf 90' lang='lat' dir='ltr'><strong>operando.</strong></span> 
     </span>
    </p>
   </div>
   <div class='ocr_carea' id='block_1_3' title="bbox 110 677 1114 1630">
    <p class='ocr_par' dir='ltr' id='par_1_3' title="bbox 110 677 1114 1630">
     <span class='ocr_line' id='line_1_6' title="bbox 172 677 1113 753; baseline -0.002 -18"><span class='ocrx_word' id='word_1_32' title='bbox 172 677 300 735; x_wconf 79' lang='lat' dir='ltr'><em>Assertio</em></span> <span class='ocrx_word' id='word_1_33' title='bbox 314 679 339 735; x_wconf 86' lang='lat' dir='ltr'><strong>l.</strong></span> <span class='ocrx_word' id='word_1_34' title='bbox 355 708 394 716; x_wconf 89' lang='lat'>—</span> <span class='ocrx_word' id='word_1_35' title='bbox 408 678 498 751; x_wconf 81' lang='lat' dir='ltr'><strong>Leges</strong></span> <span class='ocrx_word' id='word_1_36' title='bbox 510 678 619 747; x_wconf 84' lang='lat' dir='ltr'><strong>mnndi,</strong></span> <span class='ocrx_word' id='word_1_37' title='bbox 640 678 667 735; x_wconf 89' lang='lat' dir='ltr'><strong>si</strong></span> <span class='ocrx_word' id='word_1_38' title='bbox 678 678 803 736; x_wconf 82' lang='lat' dir='ltr'><strong>absolate</strong></span> <span class='ocrx_word' id='word_1_39' title='bbox 815 684 988 753; x_wconf 79' lang='lat' dir='ltr'><strong>spectantur,</strong></span> <span class='ocrx_word' id='word_1_40' title='bbox 1011 695 1113 735; x_wconf 85' lang='lat' dir='ltr'><strong>amnes</strong></span> 
     </span>
     <span class='ocr_line' id='line_1_7' title="bbox 110 765 1114 842; baseline -0.001 -19"><span class='ocrx_word' id='word_1_41' title='bbox 110 773 179 824; x_wconf 87' lang='lat' dir='ltr'><strong>sunt</strong></span> <span class='ocrx_word' id='word_1_42' title='bbox 205 768 398 841; x_wconf 80' lang='lat' dir='ltr'><strong>contingentes.</strong></span> <span class='ocrx_word' id='word_1_43' title='bbox 440 768 538 842; x_wconf 86' lang='lat' dir='ltr'><strong>Leges</strong></span> <span class='ocrx_word' id='word_1_44' title='bbox 564 766 670 824; x_wconf 88' lang='lat' dir='ltr'><strong>mundi</strong></span> <span class='ocrx_word' id='word_1_45' title='bbox 699 767 832 825; x_wconf 89' lang='lat' dir='ltr'><strong>absolute</strong></span> <span class='ocrx_word' id='word_1_46' title='bbox 861 776 1056 842; x_wconf 87' lang='lat' dir='ltr'><strong>spectantur,</strong></span> <span class='ocrx_word' id='word_1_47' title='bbox 1089 765 1114 823; x_wconf 91' lang='lat' dir='ltr'><strong>si</strong></span> 
     </span>
     <span class='ocr_line' id='line_1_8' title="bbox 112 854 1113 932; baseline 0 -20"><span class='ocrx_word' id='word_1_48' title='bbox 112 855 338 915; x_wconf 88' lang='lat' dir='ltr'><strong>considerantur</strong></span> <span class='ocrx_word' id='word_1_49' title='bbox 363 856 395 913; x_wconf 91' lang='lat' dir='ltr'><strong>in</strong></span> <span class='ocrx_word' id='word_1_50' title='bbox 423 874 456 915; x_wconf 85' lang='lat' dir='ltr'><strong>se</strong></span> <span class='ocrx_word' id='word_1_51' title='bbox 482 855 568 932; x_wconf 90' lang='lat' dir='ltr'><strong>ipsis,</strong></span> <span class='ocrx_word' id='word_1_52' title='bbox 600 856 800 915; x_wconf 88' lang='lat' dir='ltr'><strong>abstrahendo</strong></span> <span class='ocrx_word' id='word_1_53' title='bbox 821 874 839 913; x_wconf 87' lang='lat' dir='ltr'><strong>a</strong></span> <span class='ocrx_word' id='word_1_54' title='bbox 860 858 1014 915; x_wconf 88' lang='lat' dir='ltr'><strong>voluntate</strong></span> <span class='ocrx_word' id='word_1_55' title='bbox 1039 854 1113 924; x_wconf 89' lang='lat' dir='ltr'><strong>Dei,</strong></span> 
     </span>
     <span class='ocr_line' id='line_1_9' title="bbox 112 943 1114 1005; baseline -0.001 -3"><span class='ocrx_word' id='word_1_56' title='bbox 112 945 256 1004; x_wconf 91' lang='lat' dir='ltr'><strong>mundum</strong></span> <span class='ocrx_word' id='word_1_57' title='bbox 276 945 370 1005; x_wconf 89' lang='lat' dir='ltr'><strong>libere</strong></span> <span class='ocrx_word' id='word_1_58' title='bbox 392 963 496 1003; x_wconf 89' lang='lat' dir='ltr'><strong>creare</strong></span> <span class='ocrx_word' id='word_1_59' title='bbox 515 943 652 1003; x_wconf 89' lang='lat' dir='ltr'><strong>volentis.</strong></span> <span class='ocrx_word' id='word_1_60' title='bbox 695 944 743 1003; x_wconf 88' lang='lat' dir='ltr'><strong>Sic</strong></span> <span class='ocrx_word' id='word_1_61' title='bbox 765 955 863 1004; x_wconf 90' lang='lat' dir='ltr'><strong>autem</strong></span> <span class='ocrx_word' id='word_1_62' title='bbox 894 945 1114 1004; x_wconf 87' lang='lat' dir='ltr'><strong>consideratae</strong></span> 
     </span>
     <span class='ocr_line' id='line_1_10' title="bbox 110 1033 1113 1110; baseline -0.002 -19"><span class='ocrx_word' id='word_1_63' title='bbox 110 1033 200 1092; x_wconf 93' lang='lat' dir='ltr'><strong>nobis</strong></span> <span class='ocrx_word' id='word_1_64' title='bbox 220 1044 368 1109; x_wconf 87' lang='lat' dir='ltr'><strong>apparent</strong></span> <span class='ocrx_word' id='word_1_65' title='bbox 385 1044 419 1092; x_wconf 89' lang='lat' dir='ltr'><strong>ut</strong></span> <span class='ocrx_word' id='word_1_66' title='bbox 438 1033 656 1109; x_wconf 87' lang='lat' dir='ltr'><strong>contingentes,</strong></span> <span class='ocrx_word' id='word_1_67' title='bbox 679 1033 697 1092; x_wconf 93' lang='lat' dir='ltr'><strong>i.</strong></span> <span class='ocrx_word' id='word_1_68' title='bbox 714 1052 740 1093; x_wconf 89' lang='lat' dir='ltr'><strong>e.</strong></span> <span class='ocrx_word' id='word_1_69' title='bbox 755 1035 837 1105; x_wconf 85' lang='lat' dir='ltr'><strong>tales,</strong></span> <span class='ocrx_word' id='word_1_70' title='bbox 859 1045 891 1092; x_wconf 88' lang='lat' dir='ltr'><strong>ut</strong></span> <span class='ocrx_word' id='word_1_71' title='bbox 907 1033 1024 1110; x_wconf 90' lang='lat' dir='ltr'><strong>possint</strong></span> <span class='ocrx_word' id='word_1_72' title='bbox 1043 1051 1113 1091; x_wconf 93' lang='lat' dir='ltr'><strong>non</strong></span> 
     </span>
     <span class='ocr_line' id='line_1_11' title="bbox 112 1122 1113 1199; baseline -0.002 -18"><span class='ocrx_word' id='word_1_73' title='bbox 112 1122 253 1182; x_wconf 86' lang='lat' dir='ltr'><strong>exsistere</strong></span> <span class='ocrx_word' id='word_1_74' title='bbox 267 1125 284 1181; x_wconf 91' lang='lat'><strong>¹.</strong></span> <span class='ocrx_word' id='word_1_75' title='bbox 326 1125 389 1182; x_wconf 94' lang='lat' dir='ltr'><strong>Res</strong></span> <span class='ocrx_word' id='word_1_76' title='bbox 409 1124 505 1195; x_wconf 87' lang='lat' dir='ltr'><strong>enim,</strong></span> <span class='ocrx_word' id='word_1_77' title='bbox 534 1142 661 1199; x_wconf 88' lang='lat' dir='ltr'><strong>quarum</strong></span> <span class='ocrx_word' id='word_1_78' title='bbox 682 1134 750 1181; x_wconf 89' lang='lat' dir='ltr'><strong>sunt</strong></span> <span class='ocrx_word' id='word_1_79' title='bbox 770 1125 868 1198; x_wconf 77' lang='lat' dir='ltr'><strong>legeS,</strong></span> <span class='ocrx_word' id='word_1_80' title='bbox 893 1124 1113 1198; x_wconf 87' lang='lat' dir='ltr'><strong>contingentes</strong></span> 
     </span>
     <span class='ocr_line' id='line_1_12' title="bbox 112 1212 1112 1294; baseline 0.001 -25"><span class='ocrx_word' id='word_1_81' title='bbox 112 1224 180 1294; x_wconf 83' lang='lat' dir='ltr'><strong>sunt</strong></span> <span class='ocrx_word' id='word_1_82' title='bbox 199 1212 291 1288; x_wconf 88' lang='lat' dir='ltr'><strong>ipsae,</strong></span> <span class='ocrx_word' id='word_1_83' title='bbox 313 1214 394 1272; x_wconf 88' lang='lat' dir='ltr'><strong>clare</strong></span> <span class='ocrx_word' id='word_1_84' title='bbox 408 1214 489 1271; x_wconf 87' lang='lat' dir='ltr'><strong>enirn</strong></span> <span class='ocrx_word' id='word_1_85' title='bbox 502 1212 638 1271; x_wconf 87' lang='lat' dir='ltr'><strong>videmus</strong></span> <span class='ocrx_word' id='word_1_86' title='bbox 653 1230 701 1271; x_wconf 85' lang='lat' dir='ltr'><strong>res</strong></span> <span class='ocrx_word' id='word_1_87' title='bbox 715 1213 883 1271; x_wconf 88' lang='lat' dir='ltr'><strong>mundanas</strong></span> <span class='ocrx_word' id='word_1_88' title='bbox 896 1213 938 1271; x_wconf 83' lang='lat' dir='ltr'><strong>ita</strong></span> <span class='ocrx_word' id='word_1_89' title='bbox 952 1212 1112 1282; x_wconf 88' lang='lat' dir='ltr'><strong>exsistere,</strong></span> 
     </span>
     <span class='ocr_line' id='line_1_13' title="bbox 111 1292 1111 1378; baseline -0.001 -19"><span class='ocrx_word' id='word_1_90' title='bbox 111 1311 143 1359; x_wconf 92' lang='lat' dir='ltr'><strong>ut</strong></span> <span class='ocrx_word' id='word_1_91' title='bbox 162 1302 245 1360; x_wconf 92' lang='lat' dir='ltr'><strong>nullo</strong></span> <span class='ocrx_word' id='word_1_92' title='bbox 266 1302 358 1360; x_wconf 93' lang='lat' dir='ltr'><strong>modo</strong></span> <span class='ocrx_word' id='word_1_93' title='bbox 379 1312 526 1378; x_wconf 88' lang='lat' dir='ltr'><strong>repugnet</strong></span> <span class='ocrx_word' id='word_1_94' title='bbox 546 1321 597 1361; x_wconf 87' lang='lat' dir='ltr'><strong>eas</strong></span> <span class='ocrx_word' id='word_1_95' title='bbox 617 1320 679 1360; x_wconf 89' lang='lat' dir='ltr'><strong>non</strong></span> <span class='ocrx_word' id='word_1_96' title='bbox 708 1292 857 1361; x_wconf 64' lang='lat' dir='ltr'><strong>insistere.</strong></span> <span class='ocrx_word' id='word_1_97' title='bbox 899 1303 983 1377; x_wconf 86' lang='lat' dir='ltr'><strong>Ergo</strong></span> <span class='ocrx_word' id='word_1_98' title='bbox 1010 1303 1111 1377; x_wconf 78' lang='lat' dir='ltr'><strong>legeS,</strong></span> 
     </span>
     <span class='ocr_line' id='line_1_14' title="bbox 112 1390 1112 1467; baseline -0.003 -19"><span class='ocrx_word' id='word_1_99' title='bbox 112 1409 191 1465; x_wconf 88' lang='lat' dir='ltr'><strong>quae</strong></span> <span class='ocrx_word' id='word_1_100' title='bbox 210 1402 347 1450; x_wconf 88' lang='lat' dir='ltr'><strong>naturam</strong></span> <span class='ocrx_word' id='word_1_101' title='bbox 367 1392 482 1451; x_wconf 88' lang='lat' dir='ltr'><strong>illarum</strong></span> <span class='ocrx_word' id='word_1_102' title='bbox 503 1410 603 1451; x_wconf 87' lang='lat' dir='ltr'><strong>rerum</strong></span> <span class='ocrx_word' id='word_1_103' title='bbox 617 1401 798 1467; x_wconf 88' lang='lat' dir='ltr'><strong>supponunt,</strong></span> <span class='ocrx_word' id='word_1_104' title='bbox 821 1391 1032 1465; x_wconf 87' lang='lat' dir='ltr'><strong>contingentes</strong></span> <span class='ocrx_word' id='word_1_105' title='bbox 1046 1390 1112 1449; x_wconf 89' lang='lat' dir='ltr'><strong>sint</strong></span> 
     </span>
     <span class='ocr_line' id='line_1_15' title="bbox 112 1480 1114 1555; baseline -0.003 -17"><span class='ocrx_word' id='word_1_106' title='bbox 112 1491 233 1555; x_wconf 91' lang='lat' dir='ltr'><strong>oportet</strong></span> <span class='ocrx_word' id='word_1_107' title='bbox 243 1481 262 1539; x_wconf 86' lang='lat'><strong>¹.</strong></span> <span class='ocrx_word' id='word_1_108' title='bbox 295 1482 392 1539; x_wconf 91' lang='lat' dir='ltr'><strong>Recte</strong></span> <span class='ocrx_word' id='word_1_109' title='bbox 413 1480 541 1555; x_wconf 91' lang='lat' dir='ltr'><strong>proinde</strong></span> <span class='ocrx_word' id='word_1_110' title='bbox 562 1480 685 1539; x_wconf 70' lang='lat' dir='ltr'><strong>dicitiu:</strong></span> <span class='ocrx_word' id='word_1_111' title='bbox 708 1481 797 1553; x_wconf 81' lang='lat' dir='ltr'><strong>Leges</strong></span> <span class='ocrx_word' id='word_1_112' title='bbox 817 1487 941 1538; x_wconf 82' lang='lat' dir='ltr'><strong>naturae</strong></span> <span class='ocrx_word' id='word_1_113' title='bbox 960 1500 1018 1537; x_wconf 88' lang='lat' dir='ltr'><strong>nan</strong></span> <span class='ocrx_word' id='word_1_114' title='bbox 1039 1485 1114 1537; x_wconf 88' lang='lat' dir='ltr'><strong>sant</strong></span> 
     </span>
     <span class='ocr_line' id='line_1_16' title="bbox 113 1570 458 1630; baseline 0.009 -3"><span class='ocrx_word' id='word_1_115' title='bbox 113 1570 237 1627; x_wconf 83' lang='lat' dir='ltr'><strong>absolute</strong></span> <span class='ocrx_word' id='word_1_116' title='bbox 257 1572 428 1628; x_wconf 76' lang='lat' dir='ltr'><strong>necessariae</strong></span> <span class='ocrx_word' id='word_1_117' title='bbox 439 1572 458 1630; x_wconf 86' lang='lat'><strong>⁸.</strong></span> 
     </span>
    </p>
   </div>
   <div class='ocr_carea' id='block_1_4' title="bbox 113 1675 1112 1842">
    <p class='ocr_par' dir='ltr' id='par_1_4' title="bbox 113 1675 1112 1842">
     <span class='ocr_line' id='line_1_17' title="bbox 174 1675 1111 1753; baseline -0.003 -20"><span class='ocrx_word' id='word_1_118' title='bbox 174 1676 302 1734; x_wconf 81' lang='lat' dir='ltr'><strong>Assertio</strong></span> <span class='ocrx_word' id='word_1_119' title='bbox 315 1676 359 1733; x_wconf 91' lang='lat' dir='ltr'><strong>II.</strong></span> <span class='ocrx_word' id='word_1_120' title='bbox 375 1708 414 1715; x_wconf 93' lang='lat'><em>-</em></span> <span class='ocrx_word' id='word_1_121' title='bbox 428 1677 465 1734; x_wconf 90' lang='lat' dir='ltr'><strong>In</strong></span> <span class='ocrx_word' id='word_1_122' title='bbox 485 1677 632 1753; x_wconf 79' lang='lat' dir='ltr'><strong>hypothesi</strong></span> <span class='ocrx_word' id='word_1_123' title='bbox 649 1676 826 1734; x_wconf 84' lang='lat' dir='ltr'><strong>exsistentiae</strong></span> <span class='ocrx_word' id='word_1_124' title='bbox 846 1675 947 1732; x_wconf 83' lang='lat' dir='ltr'><strong>mandi</strong></span> <span class='ocrx_word' id='word_1_125' title='bbox 964 1675 1111 1749; x_wconf 85' lang='lat' dir='ltr'><strong>quaedam</strong></span> 
     </span>
     <span class='ocr_line' id='line_1_18' title="bbox 113 1765 1112 1842; baseline 0 -21"><span class='ocrx_word' id='word_1_126' title='bbox 113 1765 186 1838; x_wconf 82' lang='lat' dir='ltr'><strong>leges</strong></span> <span class='ocrx_word' id='word_1_127' title='bbox 213 1772 281 1823; x_wconf 87' lang='lat' dir='ltr'><strong>sant</strong></span> <span class='ocrx_word' id='word_1_128' title='bbox 308 1767 489 1842; x_wconf 80' lang='lat' dir='ltr'><strong>metaphysice</strong></span> <span class='ocrx_word' id='word_1_129' title='bbox 519 1766 705 1835; x_wconf 82' lang='lat' dir='ltr'><strong>necessariae,</strong></span> <span class='ocrx_word' id='word_1_130' title='bbox 736 1766 874 1841; x_wconf 78' lang='lat' dir='ltr'><strong>quaedam</strong></span> <span class='ocrx_word' id='word_1_131' title='bbox 904 1783 969 1822; x_wconf 78' lang='lat' dir='ltr'><strong>ewn.</strong></span> <span class='ocrx_word' id='word_1_132' title='bbox 1013 1766 1112 1823; x_wconf 89' lang='lat' dir='ltr'><strong>Meta·</strong></span> 
     </span>
    </p>
   </div>
   <div class='ocr_carea' id='block_1_5' title="bbox 112 1853 1111 2288">
    <p class='ocr_par' dir='ltr' id='par_1_5' title="bbox 112 1853 1111 2022">
     <span class='ocr_line' id='line_1_19' title="bbox 113 1853 1111 1931; baseline -0.001 -20"><span class='ocrx_word' id='word_1_133' title='bbox 113 1855 236 1931; x_wconf 90' lang='lat' dir='ltr'><strong>physice</strong></span> <span class='ocrx_word' id='word_1_134' title='bbox 266 1856 466 1915; x_wconf 88' lang='lat' dir='ltr'><strong>necessarium</strong></span> <span class='ocrx_word' id='word_1_135' title='bbox 494 1875 637 1915; x_wconf 88' lang='lat' dir='ltr'><strong>vocamus</strong></span> <span class='ocrx_word' id='word_1_136' title='bbox 667 1856 713 1926; x_wconf 94' lang='lat' dir='ltr'><strong>id,</strong></span> <span class='ocrx_word' id='word_1_137' title='bbox 745 1855 826 1913; x_wconf 88' lang='lat' dir='ltr'><strong>cuius</strong></span> <span class='ocrx_word' id='word_1_138' title='bbox 855 1853 1031 1930; x_wconf 90' lang='lat' dir='ltr'><strong>oppositum</strong></span> <span class='ocrx_word' id='word_1_139' title='bbox 1065 1862 1111 1912; x_wconf 91' lang='lat' dir='ltr'><strong>est</strong></span> 
     </span>
     <span class='ocr_line' id='line_1_20' title="bbox 112 1944 1068 2022; baseline 0.001 -21"><span class='ocrx_word' id='word_1_140' title='bbox 112 1944 316 2019; x_wconf 89' lang='lat' dir='ltr'><strong>metaphysice</strong></span> <span class='ocrx_word' id='word_1_141' title='bbox 337 1945 528 2022; x_wconf 91' lang='lat' dir='ltr'><strong>impossibile,</strong></span> <span class='ocrx_word' id='word_1_142' title='bbox 549 1955 653 2020; x_wconf 89' lang='lat' dir='ltr'><strong>utpote</strong></span> <span class='ocrx_word' id='word_1_143' title='bbox 674 1944 834 2003; x_wconf 90' lang='lat' dir='ltr'><strong>absurdum</strong></span> <span class='ocrx_word' id='word_1_144' title='bbox 847 1945 864 2001; x_wconf 87' lang='lat'><strong>⁴.</strong></span> <span class='ocrx_word' id='word_1_145' title='bbox 903 1945 968 2001; x_wconf 88' lang='lat' dir='ltr'><strong>Iam</strong></span> <span class='ocrx_word' id='word_1_146' title='bbox 989 1961 1068 2002; x_wconf 90' lang='lat' dir='ltr'><strong>vero</strong></span> 
     </span>
    </p>

    <p class='ocr_par' dir='ltr' id='par_1_6' title="bbox 114 2033 1110 2288">
     <span class='ocr_line' id='line_1_21' title="bbox 177 2033 1110 2110; baseline 0.001 -21"><span class='ocrx_word' id='word_1_147' title='bbox 177 2053 201 2091; x_wconf 93' lang='lat'><strong>1.</strong></span> <span class='ocrx_word' id='word_1_148' title='bbox 231 2034 389 2106; x_wconf 87' lang='lat' dir='ltr'><strong>Quaedam</strong></span> <span class='ocrx_word' id='word_1_149' title='bbox 416 2045 484 2093; x_wconf 89' lang='lat' dir='ltr'><strong>sunt</strong></span> <span class='ocrx_word' id='word_1_150' title='bbox 510 2037 593 2110; x_wconf 87' lang='lat' dir='ltr'><strong>leges</strong></span> <span class='ocrx_word' id='word_1_151' title='bbox 619 2045 742 2093; x_wconf 88' lang='lat' dir='ltr'><strong>naturae</strong></span> <span class='ocrx_word' id='word_1_152' title='bbox 769 2033 973 2108; x_wconf 85' lang='lat' dir='ltr'><strong>metaphysice</strong></span> <span class='ocrx_word' id='word_1_153' title='bbox 1001 2050 1110 2091; x_wconf 90' lang='lat' dir='ltr'><strong>neces-</strong></span> 
     </span>
     <span class='ocr_line' id='line_1_22' title="bbox 114 2121 1109 2199; baseline -0.002 -19"><span class='ocrx_word' id='word_1_154' title='bbox 114 2121 217 2193; x_wconf 87' lang='lat' dir='ltr'><strong>sariae,</strong></span> <span class='ocrx_word' id='word_1_155' title='bbox 239 2123 270 2180; x_wconf 91' lang='lat' dir='ltr'><strong>in</strong></span> <span class='ocrx_word' id='word_1_156' title='bbox 291 2124 449 2199; x_wconf 90' lang='lat' dir='ltr'><strong>hypothesi</strong></span> <span class='ocrx_word' id='word_1_157' title='bbox 469 2123 657 2182; x_wconf 86' lang='lat' dir='ltr'><strong>exsistentiae</strong></span> <span class='ocrx_word' id='word_1_158' title='bbox 678 2123 790 2181; x_wconf 91' lang='lat' dir='ltr'><strong>mundi.</strong></span> <span class='ocrx_word' id='word_1_159' title='bbox 819 2123 908 2180; x_wconf 89' lang='lat' dir='ltr'><strong>Tales</strong></span> <span class='ocrx_word' id='word_1_160' title='bbox 929 2122 1013 2180; x_wconf 88' lang='lat' dir='ltr'><strong>enirn</strong></span> <span class='ocrx_word' id='word_1_161' title='bbox 1027 2131 1109 2192; x_wconf 90' lang='lat' dir='ltr'><strong>sunt,</strong></span> 
     </span>
     <span class='ocr_line' id='line_1_23' title="bbox 114 2211 546 2288; baseline 0.007 -20"><span class='ocrx_word' id='word_1_162' title='bbox 114 2221 146 2269; x_wconf 89' lang='lat' dir='ltr'><strong>ut</strong></span> <span class='ocrx_word' id='word_1_163' title='bbox 166 2211 273 2286; x_wconf 87' lang='lat' dir='ltr'><strong>cuique</strong></span> <span class='ocrx_word' id='word_1_164' title='bbox 295 2212 383 2270; x_wconf 86' lang='lat' dir='ltr'><strong>facile</strong></span> <span class='ocrx_word' id='word_1_165' title='bbox 403 2223 546 2288; x_wconf 88' lang='lat' dir='ltr'><strong>apparet:</strong></span> 
     </span>
    </p>
   </div>
   <div class='ocr_carea' id='block_1_6' title="bbox 175 2295 1173 2376">
    <p class='ocr_par' dir='ltr' id='par_1_7' title="bbox 175 2295 1173 2376">
     <span class='ocr_line' id='line_1_24' title="bbox 175 2295 1173 2376; baseline -0.001 -19"><span class='ocrx_word' id='word_1_166' title='bbox 175 2295 203 2374; x_wconf 90' lang='lat' dir='ltr'><strong>a)</strong></span> <span class='ocrx_word' id='word_1_167' title='bbox 224 2302 314 2375; x_wconf 85' lang='lat' dir='ltr'><strong>leges,</strong></span> <span class='ocrx_word' id='word_1_168' title='bbox 337 2319 414 2376; x_wconf 89' lang='lat' dir='ltr'><strong>quae</strong></span> <span class='ocrx_word' id='word_1_169' title='bbox 435 2303 595 2360; x_wconf 83' lang='lat' dir='ltr'><strong>tundantur</strong></span> <span class='ocrx_word' id='word_1_170' title='bbox 616 2301 648 2359; x_wconf 91' lang='lat' dir='ltr'><strong>in</strong></span> <span class='ocrx_word' id='word_1_171' title='bbox 669 2300 880 2360; x_wconf 87' lang='lat' dir='ltr'><strong>constitutione</strong></span> <span class='ocrx_word' id='word_1_172' title='bbox 900 2301 1110 2358; x_wconf 68' lang='lat' dir='ltr'><strong>essentiarum:</strong></span> <span class='ocrx_word' id='word_1_173' title='bbox 1172 2329 1173 2338; x_wconf 25' lang='grc' dir='ltr'><strong>κ</strong></span> 
     </span>
    </p>
   </div>
   <div class='ocr_carea' id='block_1_7' title="bbox 114 2388 1109 2554">
    <p class='ocr_par' dir='ltr' id='par_1_8' title="bbox 114 2388 1109 2554">
     <span class='ocr_line' id='line_1_25' title="bbox 115 2388 1109 2466; baseline -0.003 -19"><span class='ocrx_word' id='word_1_174' title='bbox 115 2390 209 2464; x_wconf 89' lang='lat' dir='ltr'><strong>qualis</strong></span> <span class='ocrx_word' id='word_1_175' title='bbox 230 2400 274 2448; x_wconf 91' lang='lat' dir='ltr'><strong>est</strong></span> <span class='ocrx_word' id='word_1_176' title='bbox 294 2391 357 2463; x_wconf 89' lang='lat' dir='ltr'><strong>lex,</strong></span> <span class='ocrx_word' id='word_1_177' title='bbox 387 2391 551 2450; x_wconf 85' lang='lat' dir='ltr'><strong>secundum</strong></span> <span class='ocrx_word' id='word_1_178' title='bbox 580 2409 670 2466; x_wconf 89' lang='lat' dir='ltr'><strong>quarn</strong></span> <span class='ocrx_word' id='word_1_179' title='bbox 691 2391 784 2448; x_wconf 92' lang='lat' dir='ltr'><strong>homo</strong></span> <span class='ocrx_word' id='word_1_180' title='bbox 805 2399 923 2448; x_wconf 87' lang='lat' dir='ltr'><strong>constat</strong></span> <span class='ocrx_word' id='word_1_181' title='bbox 945 2388 1047 2446; x_wconf 90' lang='lat' dir='ltr'><strong>anima</strong></span> <span class='ocrx_word' id='word_1_182' title='bbox 1076 2399 1109 2445; x_wconf 93' lang='lat' dir='ltr'><strong>et</strong></span> 
     </span>
     <span class='ocr_line' id='line_1_26' title="bbox 114 2496 259 2554; baseline 0 -17"><span class='ocrx_word' id='word_1_183' title='bbox 114 2496 259 2554; x_wconf 78' lang='lat' dir='ltr'><strong>corpore3</strong></span> 
     </span>
    </p>
   </div>
   <div class='ocr_carea' id='block_1_8' title="bbox 114 2563 1172 2729">
    <p class='ocr_par' dir='ltr' id='par_1_9' title="bbox 114 2555 1172 2729">
     <span class='ocr_line' id='line_1_27' title="bbox 174 2563 1110 2645; baseline -0.004 -19"><span class='ocrx_word' id='word_1_184' title='bbox 174 2563 206 2642; x_wconf 91' lang='lat' dir='ltr'><strong>b)</strong></span> <span class='ocrx_word' id='word_1_185' title='bbox 227 2569 275 2626; x_wconf 94' lang='lat' dir='ltr'><strong>vel</strong></span> <span class='ocrx_word' id='word_1_186' title='bbox 296 2569 385 2627; x_wconf 90' lang='lat' dir='ltr'><strong>etiam</strong></span> <span class='ocrx_word' id='word_1_187' title='bbox 406 2588 511 2627; x_wconf 92' lang='lat' dir='ltr'><strong>omnes</strong></span> <span class='ocrx_word' id='word_1_188' title='bbox 531 2571 622 2645; x_wconf 88' lang='lat' dir='ltr'><strong>leges,</strong></span> <span class='ocrx_word' id='word_1_189' title='bbox 644 2585 722 2644; x_wconf 88' lang='lat' dir='ltr'><strong>quae</strong></span> <span class='ocrx_word' id='word_1_190' title='bbox 743 2567 903 2626; x_wconf 85' lang='lat' dir='ltr'><strong>fundantur</strong></span> <span class='ocrx_word' id='word_1_191' title='bbox 925 2565 956 2623; x_wconf 92' lang='lat' dir='ltr'><strong>in</strong></span> <span class='ocrx_word' id='word_1_192' title='bbox 973 2566 1110 2641; x_wconf 73' lang='lat' dir='ltr'><strong>proprie</strong></span> 
     </span>
     <span class='ocr_line' id='line_1_28' title="bbox 114 2654 1172 2729; baseline 0 -15"><span class='ocrx_word' id='word_1_193' title='bbox 114 2658 219 2714; x_wconf 84' lang='lat' dir='ltr'><strong>tatibus</strong></span> <span class='ocrx_word' id='word_1_194' title='bbox 238 2658 407 2716; x_wconf 91' lang='lat' dir='ltr'><strong>necessario</strong></span> <span class='ocrx_word' id='word_1_195' title='bbox 428 2659 626 2717; x_wconf 88' lang='lat' dir='ltr'><strong>defluentibus</strong></span> <span class='ocrx_word' id='word_1_196' title='bbox 647 2657 685 2716; x_wconf 87' lang='lat' dir='ltr'><strong>ab</strong></span> <span class='ocrx_word' id='word_1_197' title='bbox 707 2656 850 2729; x_wconf 64' lang='lat' dir='ltr'><strong>essentia,</strong></span> <span class='ocrx_word' id='word_1_198' title='bbox 879 2654 945 2713; x_wconf 89' lang='lat' dir='ltr'><strong>talis</strong></span> <span class='ocrx_word' id='word_1_199' title='bbox 973 2665 1018 2713; x_wconf 92' lang='lat' dir='ltr'><strong>est</strong></span> <span class='ocrx_word' id='word_1_200' title='bbox 1045 2655 1108 2727; x_wconf 91' lang='lat' dir='ltr'><strong>lex,</strong></span> <span class='ocrx_word' id='word_1_201' title='bbox 1170 2673 1172 2714; x_wconf 48' lang='grc' dir='ltr'><em>ὲ</em></span> 
     </span>
    </p>
   </div>
   <div class='ocr_carea' id='block_1_9' title="bbox 114 2745 1109 2822">
    <p class='ocr_par' dir='ltr' id='par_1_10' title="bbox 114 2745 1109 2822">
     <span class='ocr_line' id='line_1_29' title="bbox 114 2745 1109 2822; baseline -0.002 -18"><span class='ocrx_word' id='word_1_202' title='bbox 114 2746 278 2805; x_wconf 90' lang='lat' dir='ltr'><strong>secundum</strong></span> <span class='ocrx_word' id='word_1_203' title='bbox 305 2765 396 2821; x_wconf 89' lang='lat' dir='ltr'><strong>quarn</strong></span> <span class='ocrx_word' id='word_1_204' title='bbox 425 2747 501 2822; x_wconf 87' lang='lat' dir='ltr'><strong>ignis</strong></span> <span class='ocrx_word' id='word_1_205' title='bbox 529 2758 636 2805; x_wconf 86' lang='lat' dir='ltr'><strong>natura</strong></span> <span class='ocrx_word' id='word_1_206' title='bbox 665 2746 830 2817; x_wconf 90' lang='lat' dir='ltr'><strong>instruitur,</strong></span> <span class='ocrx_word' id='word_1_207' title='bbox 861 2755 894 2802; x_wconf 90' lang='lat' dir='ltr'><strong>ut</strong></span> <span class='ocrx_word' id='word_1_208' title='bbox 923 2745 1109 2802; x_wconf 89' lang='lat' dir='ltr'><strong>comburere</strong></span> 
     </span>
    </p>
   </div>
   <div class='ocr_carea' id='block_1_10' title="bbox 108 2831 1172 2911">
    <p class='ocr_par' dir='ltr' id='par_1_11' title="bbox 108 2831 1172 2911">
     <span class='ocr_line' id='line_1_30' title="bbox 108 2831 1172 2911; baseline -0.001 -19"><span class='ocrx_word' id='word_1_209' title='bbox 108 2838 214 2910; x_wconf 83' lang='lat' dir='ltr'><strong>pessit,</strong></span> <span class='ocrx_word' id='word_1_210' title='bbox 242 2836 351 2894; x_wconf 88' lang='lat' dir='ltr'><strong>habeat</strong></span> <span class='ocrx_word' id='word_1_211' title='bbox 379 2835 545 2911; x_wconf 89' lang='lat' dir='ltr'><strong>potentiam</strong></span> <span class='ocrx_word' id='word_1_212' title='bbox 572 2835 785 2907; x_wconf 90' lang='lat' dir='ltr'><strong>comburendi,</strong></span> <span class='ocrx_word' id='word_1_213' title='bbox 817 2833 892 2891; x_wconf 89' lang='lat' dir='ltr'><strong>sicut</strong></span> <span class='ocrx_word' id='word_1_214' title='bbox 918 2833 949 2890; x_wconf 92' lang='lat' dir='ltr'><strong>in</strong></span> <span class='ocrx_word' id='word_1_215' title='bbox 978 2831 1107 2891; x_wconf 90' lang='lat' dir='ltr'><strong>homine</strong></span> <span class='ocrx_word' id='word_1_216' title='bbox 1166 2847 1172 2874; x_wconf 67' lang='lat'>&lt;</span> 
     </span>
    </p>
   </div>
   <div class='ocr_carea' id='block_1_11' title="bbox 115 3010 1105 3298">
    <p class='ocr_par' dir='ltr' id='par_1_12' title="bbox 116 3010 1105 3154">
     <span class='ocr_line' id='line_1_31' title="bbox 177 3010 1105 3078; baseline -0.002 -18"><span class='ocrx_word' id='word_1_217' title='bbox 177 3011 186 3044; x_wconf 85' lang='lat'><strong>¹</strong></span> <span class='ocrx_word' id='word_1_218' title='bbox 204 3012 275 3074; x_wconf 86' lang='lat' dir='ltr'><strong>Quid</strong></span> <span class='ocrx_word' id='word_1_219' title='bbox 293 3013 325 3061; x_wconf 93' lang='lat' dir='ltr'><strong>sit</strong></span> <span class='ocrx_word' id='word_1_220' title='bbox 343 3014 524 3075; x_wconf 85' lang='lat' dir='ltr'><strong>necessarium,</strong></span> <span class='ocrx_word' id='word_1_221' title='bbox 550 3015 612 3078; x_wconf 91' lang='lat' dir='ltr'><strong>quid</strong></span> <span class='ocrx_word' id='word_1_222' title='bbox 632 3013 796 3078; x_wconf 84' lang='lat' dir='ltr'><strong>contingens,</strong></span> <span class='ocrx_word' id='word_1_223' title='bbox 823 3010 908 3061; x_wconf 90' lang='lat' dir='ltr'><strong>recole</strong></span> <span class='ocrx_word' id='word_1_224' title='bbox 927 3027 959 3060; x_wconf 85' lang='lat' dir='ltr'><strong>ex</strong></span> <span class='ocrx_word' id='word_1_225' title='bbox 979 3010 1055 3060; x_wconf 87' lang='lat' dir='ltr'><strong>dictis</strong></span> <span class='ocrx_word' id='word_1_226' title='bbox 1078 3011 1105 3058; x_wconf 88' lang='lat' dir='ltr'><strong>in</strong></span> 
     </span>
     <span class='ocr_line' id='line_1_32' title="bbox 116 3091 493 3154; baseline 0.003 -14"><span class='ocrx_word' id='word_1_227' title='bbox 116 3091 256 3153; x_wconf 82' lang='lat' dir='ltr'><strong>Ontologia</strong></span> <span class='ocrx_word' id='word_1_228' title='bbox 273 3109 298 3154; x_wconf 89' lang='lat' dir='ltr'><strong>p.</strong></span> <span class='ocrx_word' id='word_1_229' title='bbox 319 3104 370 3152; x_wconf 83' lang='lat'><strong>239</strong></span> <span class='ocrx_word' id='word_1_230' title='bbox 389 3103 414 3141; x_wconf 91' lang='lat' dir='ltr'><strong>et</strong></span> <span class='ocrx_word' id='word_1_231' title='bbox 434 3105 493 3152; x_wconf 90' lang='lat'><strong>240.</strong></span> 
     </span>
    </p>

    <p class='ocr_par' dir='ltr' id='par_1_13' title="bbox 115 3166 1102 3298">
     <span class='ocr_line' id='line_1_33' title="bbox 175 3166 1102 3235; baseline 0.004 -21"><span class='ocrx_word' id='word_1_232' title='bbox 175 3166 276 3216; x_wconf 75' lang='lat' dir='ltr'><strong>’Haec</strong></span> <span class='ocrx_word' id='word_1_233' title='bbox 295 3171 387 3216; x_wconf 86' lang='lat' dir='ltr'><strong>veritas</strong></span> <span class='ocrx_word' id='word_1_234' title='bbox 405 3171 495 3218; x_wconf 86' lang='lat' dir='ltr'><strong>clarius</strong></span> <span class='ocrx_word' id='word_1_235' title='bbox 513 3172 647 3235; x_wconf 84' lang='lat' dir='ltr'><strong>apparebit</strong></span> <span class='ocrx_word' id='word_1_236' title='bbox 673 3189 704 3221; x_wconf 87' lang='lat' dir='ltr'><strong>ex</strong></span> <span class='ocrx_word' id='word_1_237' title='bbox 729 3171 774 3230; x_wconf 90' lang='lat' dir='ltr'><strong>iis,</strong></span> <span class='ocrx_word' id='word_1_238' title='bbox 803 3187 869 3234; x_wconf 88' lang='lat' dir='ltr'><strong>quae</strong></span> <span class='ocrx_word' id='word_1_239' title='bbox 894 3170 962 3219; x_wconf 86' lang='lat' dir='ltr'><strong>circa</strong></span> <span class='ocrx_word' id='word_1_240' title='bbox 989 3179 1102 3219; x_wconf 87' lang='lat' dir='ltr'><strong>naturam</strong></span> 
     </span>
     <span class='ocr_line' id='line_1_34' title="bbox 115 3244 600 3298; baseline 0.025 -12"><span class='ocrx_word' id='word_1_241' title='bbox 115 3244 201 3288; x_wconf 90' lang='lat' dir='ltr'><strong>mundi</strong></span> <span class='ocrx_word' id='word_1_242' title='bbox 221 3246 295 3292; x_wconf 91' lang='lat' dir='ltr'><strong>tertio</strong></span> <span class='ocrx_word' id='word_1_243' title='bbox 313 3247 377 3292; x_wconf 92' lang='lat' dir='ltr'><strong>libro</strong></span> <span class='ocrx_word' id='word_1_244' title='bbox 396 3248 487 3295; x_wconf 90' lang='lat' dir='ltr'><strong>dicturi</strong></span> <span class='ocrx_word' id='word_1_245' title='bbox 506 3265 600 3298; x_wconf 89' lang='lat' dir='ltr'><strong>sumus.</strong></span> 
     </span>
    </p>
   </div>
   <div class='ocr_carea' id='block_1_12' title="bbox 176 3317 824 3392">
    <p class='ocr_par' dir='ltr' id='par_1_14' title="bbox 176 3317 824 3392">
     <span class='ocr_line' id='line_1_35' title="bbox 176 3317 824 3392; baseline 0.025 -31"><span class='ocrx_word' id='word_1_246' title='bbox 176 3317 186 3344; x_wconf 78' lang='lat'><strong>³</strong></span> <span class='ocrx_word' id='word_1_247' title='bbox 206 3319 244 3364; x_wconf 89' lang='lat' dir='ltr'><strong>Cf.</strong></span> <span class='ocrx_word' id='word_1_248' title='bbox 265 3320 403 3382; x_wconf 86' lang='lat' dir='ltr'><strong>Ontologia</strong></span> <span class='ocrx_word' id='word_1_249' title='bbox 421 3340 446 3384; x_wconf 91' lang='lat' dir='ltr'><strong>p.</strong></span> <span class='ocrx_word' id='word_1_250' title='bbox 467 3337 526 3384; x_wconf 86' lang='lat'><strong>239.</strong></span> <span class='ocrx_word' id='word_1_251' title='bbox 602 3326 610 3356; x_wconf 84' lang='lat'><strong>⁴</strong></span> <span class='ocrx_word' id='word_1_252' title='bbox 631 3328 696 3376; x_wconf 92' lang='lat' dir='ltr'><strong>Ibid.</strong></span> <span class='ocrx_word' id='word_1_253' title='bbox 717 3345 742 3392; x_wconf 91' lang='lat' dir='ltr'><strong>p.</strong></span> <span class='ocrx_word' id='word_1_254' title='bbox 764 3341 824 3390; x_wconf 86' lang='lat'><strong>223.</strong></span> 
     </span>
    </p>
   </div>
   <div class='ocr_carea' id='block_1_13' title="bbox 1154 2767 1172 3141">
    <p class='ocr_par' dir='ltr' id='par_1_15' title="bbox 1154 2723 1172 3141">
     <span class='ocr_line' id='line_1_36' title="bbox 1169 2767 1172 2840; baseline 0 0"><span class='ocrx_word' id='word_1_255' title='bbox 1169 2767 1172 2840; x_wconf 76' lang='lat' dir='ltr'><strong>t</strong></span> 
     </span>
     <span class='ocr_line' id='line_1_37' title="bbox 1164 2889 1172 2957; baseline 0 0"><span class='ocrx_word' id='word_1_256' title='bbox 1164 2889 1172 2957; x_wconf 80' lang='grc' dir='ltr'>ι</span> 
     </span>
     <span class='ocr_line' id='line_1_38' title="bbox 1154 3072 1167 3141; baseline 0 0"><span class='ocrx_word' id='word_1_257' title='bbox 1154 3072 1167 3141; x_wconf 83' lang='lat' dir='ltr'><strong>r</strong></span> 
     </span>
    </p>
   </div>
   <div class='ocr_carea' id='block_1_14' title="bbox 0 0 1187 3700">
    <p class='ocr_par' dir='ltr' id='par_1_16' title="bbox 0 0 1187 3700">
     <span class='ocr_line' id='line_1_39' title="bbox 0 0 1187 3700; baseline 0 0"><span class='ocrx_word' id='word_1_258' title='bbox 0 0 1187 3700; x_wconf 95' lang='lat' dir='ltr'><strong> </strong></span> 
     </span>
    </p>
   </div>
  </div>
 </body>
</html>
