2350 3700
115 108 164 143 120
489 105 721 143 CRlTERlOLOGlA.

110 255 207 327 aliam,
230 273 357 330 eamque
379 254 502 312 omnino
523 253 681 324 diversam,
703 252 868 312 exserendi.
904 255 955 310 Ex
979 246 1115 327 praeviis
1163 285 1165 288 ·

110 342 191 402 enim
212 342 268 402 illis
288 342 481 419 imaginibus,
510 351 560 418 ope
581 343 790 410 abstractionis,
816 342 873 399 sibi
892 340 925 398 in
947 339 1115 398 intellectu

111 433 264 491 notionem
293 432 442 503 efformat,
472 450 549 506 quae
576 449 640 488 non
662 430 871 489 collectionem
892 431 1036 498 entium,
1062 425 1116 483 sed
1153 436 1165 511 ’

110 542 197 579 unam
210 522 348 579 rationem
369 522 494 579 omnibus
514 521 667 579 indtbiduis
687 539 854 577 communem
874 519 968 577 unica
989 534 1117 593 reprae
1152 581 1155 602 ⁴

110 610 277 670 sentatione
291 610 469 669 manifestat.
503 612 593 668 Haec
614 608 689 669 ratio
702 610 825 668 nomine
844 608 973 685 exprimi
998 617 1115 684 potest,
1155 604 1156 625 ¹

112 698 152 758 ita
172 710 281 770 tamen,
304 709 335 757 ut
356 700 394 757 ab
415 699 481 776 ipso
501 700 583 757 nullo
605 698 697 757 modo
712 698 881 757 necessario
895 697 1087 774 dependeat
1100 696 1116 752 ¹.

171 782 200 865 c)
228 790 347 847 Falsum
367 788 500 864 denique
521 798 566 846 est
586 789 682 845 omnia
708 799 810 846 nostra
830 787 940 846 iudicia
968 804 1047 846 esse
1070 802 1118 841 ex·

106 880 316 953 perimentalia.
347 878 421 935 Sunt
430 877 511 936 enim
525 876 635 935 iudicia
644 877 736 935 multa
746 872 979 953 (propositiones
989 875 1118 935 scilicet

112 985 216 1025 omnes
238 985 312 1042 quas
341 984 484 1025 vocamus
516 961 693 1040 «ideales»),
725 984 852 1041 quorum
879 967 990 1023 veritas
1024 965 1117 1022 nullo
1163 1031 1165 1046 Ι

113 1056 205 1115 modo
239 1054 278 1114 ab
314 1055 497 1132 experientia
536 1056 657 1131 pendet.
706 1056 791 1114 Talia
824 1066 893 1113 sunt
931 1055 1013 1113 inter
1053 1052 1116 1111 alia

111 1144 265 1204 iudicium:
290 1162 304 1219 7
324 1145 357 1210 l-
377 1161 391 1221 5
412 1168 445 1191 =
465 1165 510 1216 12,
532 1146 579 1203 vel
596 1143 692 1203 «inter
712 1144 772 1202 duo
786 1154 898 1220 puncta
917 1143 1000 1203 linea
1020 1153 1114 1201 recta
1163 1199 1165 1202 .

113 1234 211 1293 minor
232 1244 276 1291 est
297 1251 386 1309 quam
409 1252 536 1307 curva»;
560 1233 657 1292 «idem
678 1252 740 1291 non
761 1242 859 1309 potest
877 1234 964 1291 simul
986 1251 1058 1291 esse
1081 1241 1114 1289 et

114 1341 176 1381 non
197 1341 291 1393 esse»,
314 1322 372 1381 alia
392 1321 569 1382 huiusmodi.

174 1411 376 1471 Concedimus
396 1411 518 1487 quidem
532 1412 603 1470 talia
616 1410 727 1469 indicia
741 1410 800 1469 dici
813 1429 902 1487 posse
917 1411 1111 1487 experimen·
1163 1488 1165 1491 y

112 1500 182 1559 talia
202 1520 239 1560 eo
261 1519 357 1572 sensu,
379 1502 462 1576 quod
484 1519 541 1577 ope
564 1500 766 1576 experientiae
786 1520 871 1559 mens
890 1500 947 1559 sibi
963 1502 1109 1560 efformat

112 1590 208 1663 ideas,
235 1590 316 1649 circa
337 1609 410 1665 quas
438 1592 488 1649 fiat
509 1590 727 1666 pronuntiatio:
758 1591 851 1648 «nihil
874 1592 905 1647 in
930 1592 1107 1657 intellectu»,

113 1679 257 1738 docemus
271 1680 352 1737 enim
367 1679 501 1756 nosipsi,
527 1681 602 1737 «nisi
615 1681 701 1755 prim
715 1679 864 1754 fueritin
883 1698 1005 1754 semum
1033 1681 1106 1738 item

114 1768 242 1828 concedi
262 1778 361 1845 potest
381 1759 596 1844 experientiam
620 1768 747 1844 requiri,
776 1779 808 1827 ut
827 1786 912 1827 mens
933 1769 964 1827 in
987 1768 1108 1829 iudiciis

113 1858 339 1935 particularibus
353 1859 462 1918 habeat
470 1861 555 1934 quasi
561 1861 704 1935 specimen,
715 1877 752 1918 ex
761 1877 830 1934 quo,
845 1859 875 1917 vi
884 1859 1105 1930 abstractionis

114 1948 255 2007 iudicium
276 1948 442 2007 universale
457 1959 488 2007 et
507 1948 605 2007 ideale
620 1949 765 2007 efformet.
800 1950 888 2008 Haec
908 1949 1014 2008 omnia
1026 1951 1107 2008 ultro

115 2038 325 2111 concedimus3
355 2037 409 2096 sed
438 2056 582 2113 negamus
613 2038 737 2096 omnino
767 2040 900 2097 motarum
928 2039 1108 2096 certiturh'nis

114 2127 216 2185 horum
235 2128 401 2184 iudiciorum
422 2145 457 2184 ex
477 2128 651 2203 experientia
671 2128 783 2186 desumi.

175 2216 429 2291 Quotiescumque
438 2215 517 2294 enim
528 2215 598 2274 talia
608 2215 716 2274 iudicia
724 2217 921 2289 efformamuS,
932 2217 1108 2293 experimur

115 2324 266 2365 assensum
287 2305 407 2377 mentis,
429 2306 576 2363 secundum
597 2307 839 2363 umbersalitatem
859 2314 887 2362 et
906 2309 1106 2376 necessitatem,

114 2396 193 2468 fieri,
222 2415 284 2454 non
306 2394 376 2470 quia
399 2396 489 2454 talem
510 2413 612 2453 casum
640 2395 824 2470 experientia
846 2406 1037 2471 compertum
1058 2398 1108 2455 ha·
1163 2440 1164 2443 η

115 2486 253 2557 beamuS,
275 2485 328 2544 sed
350 2483 420 2559 quia
440 2483 609 2542 necessaria
629 2483 772 2542 habitudo
793 2485 958 2561 praedicati
978 2485 1019 2544 ad
1041 2487 1108 2545 sub
1162 2503 1165 2507 ’

116 2573 226 2632 iectum
241 2593 276 2631 ex
284 2581 431 2649 perspecta
439 2573 541 2630 horum
555 2575 739 2632 termimum
753 2575 864 2631 notiam
872 2575 1016 2633 carnanter
1028 2577 1109 2633 nobb
1163 2626 1165 2632 ,

118 2683 137 2720 a
174 2670 245 2720 aret.

131 2672 284 2827 ppNeque
305 2769 377 2810 vero
405 2750 548 2810 motivum
568 2751 737 2810 huiusmodi
765 2770 900 2812 assensus
920 2753 1109 2829 experientia

117 2851 268 2916 praestare
295 2850 407 2916 potest,
437 2840 507 2916 quia
533 2840 599 2916 ipsa
626 2842 690 2899 sola
709 2841 800 2900 docet
819 2850 949 2914 tantum,
979 2843 1053 2918 quid
1074 2844 1107 2902 in

117 2931 173 2986 tali
191 2949 255 2988 casu
276 2931 340 3002 liat,
362 2948 424 2988 non
445 2940 544 2988 autem
565 2929 638 3005 quid
659 2930 690 2987 in
710 2933 789 2988 omni
806 2949 872 2989 casu
892 2932 956 2990 fieri
976 2932 1076 2990 debeat
1087 2934 1105 2991 ³.

180 3127 188 3158 ¹
207 3131 291 3178 Huius
308 3131 346 3179 rei
364 3131 506 3179 uberiorem
519 3131 723 3196 explanationem
735 3132 847 3182 invenies
860 3135 929 3198 apud
941 3135 1051 3184 Μιναίαν
1061 3152 1104 3200 op.

119 3207 160 3254 cit.
171 3223 196 3269 p.
208 3219 256 3267 231
269 3223 306 3270 sq.
316 3223 322 3254 ι
340 3209 464 3257 «Τὴέοτίε
474 3211 623 3274 ingenieuse
637 3213 669 3260 de
678 3213 758 3260 Taine
768 3229 811 3261 sur
819 3214 857 3262 les
866 3213 936 3262 idees
946 3215 1101 3278 generales.»

180 3280 246 3330 ²Le
264 3284 318 3332 rdle
337 3286 368 3333 de
387 3285 554 3350 l'experience
574 3291 640 3338 n’est
658 3292 725 3339 donc
743 3309 791 3356 pas
809 3293 842 3340 de
868 3310 932 3342 nous
956 3295 1055 3344 fournir
1078 3296 1105 3343 la
