2350 3700
316 847 708 921 PROLEGOMENA

493 995 532 1043 m

149 1119 450 1192 UNIVERSAM
479 1120 870 1194 PHILOSOPHIAM.

67 1407 93 1462 Ι.
128 1411 335 1470 Philosophiae
354 1416 443 1464 notio.
492 1407 684 1482 Philosophia
713 1401 915 1482 (pilos-copia)
946 1417 1005 1465 est:

16 1496 131 1552 aientia
159 1511 259 1549 rerum
285 1495 397 1550 ratione
422 1495 549 1554 humana
578 1496 796 1570 cognoscibilium
823 1504 882 1572 per
909 1514 1008 1554 causas

21 1584 51 1641 el
71 1584 209 1640 rationes
229 1581 344 1638 ultt'mas
363 1586 496 1643 naturali
513 1585 618 1643 lumine
637 1592 809 1661 comparata.
853 1584 983 1643 Dicitur:

72 1693 117 1730 1.·
134 1671 265 1739 scicntia,
294 1671 312 1727 i.
335 1690 367 1730 er
384 1673 515 1749 cognitio
537 1685 619 1732 certa
640 1692 693 1749 per
715 1692 825 1732 causas.
866 1673 1007 1750 Cognitio

22 1773 97 1820 erta
113 1779 154 1818 ea
169 1770 222 1830 est,
245 1777 321 1835 quae
336 1763 455 1821 errandi
470 1763 662 1822 formidinem
680 1763 824 1821 excludit:
846 1764 1008 1838 opponitur

23 1849 188 1926 ognitioni
207 1849 347 1922 incertae,
370 1856 447 1927 quae
468 1854 594 1913 habetur
607 1855 655 1912 vel
669 1871 737 1911 cum
751 1870 836 1911 mens
850 1852 928 1911 inter
942 1871 1008 1928 pro·

9 1940 186 2005 ositiones
202 1941 352 2014 oppositas
366 1960 509 2018 suspensa
523 1954 624 2001 manet
638 1952 761 2018 propter
776 1942 895 2001 errandi
910 1942 1008 2000 formi-

0 2054 17 2082 s
26 2031 121 2087 inem
132 2023 310 2103 (dubitatio),
326 2032 373 2089 vel
388 2031 476 2090 etiam
487 2051 554 2090 cum
564 2033 703 2091 adunam
713 2041 829 2107 partem
839 2030 1006 2106 oppositam

1 2120 180 2189 adhaeret,
209 2119 262 2177 sed
285 2138 353 2177 cum
374 2120 533 2180 formidine
554 2120 673 2180 alterius
694 2120 850 2196 oppositae
872 2115 1006 2195 (opinio).

73 2207 141 2265 Sed
163 2226 226 2264 non
247 2208 344 2266 omnis
364 2209 505 2285 cognitio,
527 2210 663 2286 quamvis
683 2220 780 2281 certa,
802 2208 927 2267 scientia
947 2208 1007 2266 dici

2 2306 125 2373 potest.
170 2297 224 2353 Vir
245 2297 325 2355 enim
345 2298 483 2357 indoctus
505 2318 530 2357 e.
553 2318 580 2375 g.
611 2300 662 2374 qui
688 2299 819 2356 animam
846 2298 1006 2355 humanam

4 2386 77 2445 sine
90 2385 155 2443 ulla
170 2386 289 2443 errandi
304 2386 463 2446 formidine
477 2387 674 2447 immortalem
690 2405 754 2447 esse
768 2387 879 2445 iudicat
886 2394 1009 2462 propter

2 2476 215 2533 auctoritatem
249 2476 367 2533 alicuz‘zts
399 2476 534 2547 hominis,
570 2488 642 2553 puta
672 2476 849 2545 sacerdotis,
889 2474 1007 2532 immor·

17 2562 138 2621 alitatis
159 2562 277 2621 animae
298 2576 411 2623 certam
436 2565 558 2640 quidem
585 2567 676 2625 habet
705 2564 924 2641 cognitionem,
954 2564 1007 2622 sed

1 2671 78 2711 non
108 2652 281 2711 scientiam:
310 2654 365 2712 scit
385 2673 448 2713 rem
469 2655 510 2713 ita
537 2673 617 2726 esse,
647 2655 700 2713 sed
728 2674 780 2712 cur
807 2656 849 2711 ita
868 2654 907 2711 sit
925 2654 1007 2727 igno·

2 2753 68 2801 rat.
112 2740 167 2799 Vir
188 2752 286 2800 autem
317 2742 525 2819 philosophuS,
557 2746 608 2820 qui
636 2745 764 2803 eandem
788 2744 943 2801 veritatem
971 2760 1008 2799 ex

4 2830 261 2889 consideratione
288 2843 410 2891 naturae
438 2834 556 2891 animae
584 2834 641 2891 sibi
668 2843 852 2909 compertam
882 2841 912 2888 et
941 2849 1008 2907 pro-

2 2923 121 2977 batam
141 2918 247 2991 habet,
276 2938 339 2981 non
360 2921 487 2997 simplici
508 2921 696 2997 cognitione,
725 2922 779 2980 sed
806 2939 877 2980 vera
904 2920 1007 2977 fruitur

8 3007 151 3065 scientia.
187 3010 242 3066 Est
261 3019 361 3068 autern
381 3010 569 3086 philosophia
590 3030 652 3069 non
673 3012 762 3070 unica
782 3009 931 3085 quaedam
959 3027 1007 3066 co·

7 3095 114 3172 gnitio
135 3107 225 3169 certa,
247 3100 301 3157 sed
321 3100 492 3176 complexio
514 3100 718 3175 cognitionum
739 3110 903 3169 certarum,
929 3114 1005 3172 qnae

8 3196 102 3244 arcto
130 3205 209 3245 nexu
236 3188 313 3247 inter
342 3208 373 3248 se
404 3190 595 3265 colligantur,
627 3189 880 3262 quemadmodum
909 3188 1008 3242 theses

10 3277 203 3350 geometriae
224 3294 286 3334 uno
307 3279 466 3353 complexu
487 3276 736 3349 constringuntur.
765 3276 861 3345 Quale
881 3281 1008 3344 systema

11 3368 82 3433 una]
100 3383 176 3423 voce
199 3367 314 3425 scicntia
336 3366 451 3425 dicitur.

57 3450 269 3514 flielnstadler,
285 3464 353 3506 Elem.
370 3466 448 3517 philos.
466 3465 532 3505 schol.
837 3464 846 3496 Ι

6 3499 78 3665 ..l
