2350 3700
241 127 279 162 DE
299 127 507 163 SllllLlTUDlNE
527 128 563 164 ET
582 128 622 163 DE
642 128 844 165 DlFFERENTlA.
984 129 1034 176 249

51 275 84 343 fit,
105 282 133 329 ut
153 274 264 347 gradus
279 274 329 347 illi,
351 275 421 333 licet
442 274 474 332 in
495 294 531 333 ea
552 286 665 345 natura,
689 273 719 332 in
741 294 800 350 qua
819 275 904 334 simul
926 276 1032 347 insunt,

50 381 103 419 nou
122 362 342 437 distinguantur
363 363 420 421 nisi
441 365 565 436 ratione,
586 364 707 422 realiter
721 373 821 423 tamen
835 365 966 424 distincti
987 383 1034 423 ex-

50 450 142 509 sistere
163 451 279 526 possint
300 462 330 510 et
351 471 456 510 revera
477 453 635 525 exsistant,
663 452 694 510 in
715 452 837 512 diversis
859 451 972 511 scilicet
993 453 1034 510 in-

48 538 165 598 dividuis
196 543 243 598 vel
264 541 384 599 naturis.
428 541 477 599 Sic
497 543 643 599 habemus
670 541 891 606 distinctionem
912 542 1033 600 rationis

48 646 108 684 cum
127 629 326 687 fundamento
347 631 483 705 perfeeto
504 629 536 687 in
556 648 598 701 re,
621 629 651 686 in
673 629 772 687 anima
792 631 932 702 humana,
956 631 1034 689 inter

48 717 169 774 animam
191 718 392 793 vegetativam
413 730 443 777 et
463 717 595 776 animam
610 718 794 787 rationalem,
817 729 847 778 et
867 718 897 776 in
912 719 1033 777 homine

48 807 114 879 ipso,
134 806 216 864 inter
236 807 451 866 animalitatem
471 818 501 866 et
522 806 760 866 rationalitatem.
796 807 880 866 Licet
901 807 981 866 enim
1002 809 1033 865 in

47 895 160 954 homine
183 895 287 954 anima
300 897 467 971 vegetativa
482 907 512 954 et
526 895 625 954 anima
641 895 791 954 rationalis
813 915 845 954 re
867 897 973 955 eadem
988 897 1032 968 sit,

47 983 169 1042 rationes
191 995 294 1043 tamen
310 985 476 1044 obiectivae
490 985 676 1043 diversorum
697 984 813 1042 illomm
835 996 1033 1061 conceptuum

45 1073 201 1146 separatim
212 1074 354 1132 exsistere
364 1084 500 1150 possunt:
515 1075 576 1132 vita
585 1073 697 1132 scilicet
706 1073 873 1148 vegetativa
883 1074 912 1131 in
923 1076 1033 1150 planta,

44 1162 96 1217 rita
116 1181 192 1220 vero
214 1162 356 1220 sensitiva
376 1163 535 1238 separatim
557 1183 575 1220 a
595 1162 655 1221 vita
673 1161 810 1220 rationali
831 1162 861 1220 in
883 1162 983 1220 brutis.

95 1261 278 1334 Inperfecta
298 1279 334 1318 ea
355 1271 413 1330 est,
444 1280 521 1335 quae
551 1263 581 1317 fit
610 1279 677 1318 cum
706 1261 900 1318 fundamento
928 1260 1034 1336 imper-

43 1350 113 1406 lecto
143 1349 179 1406 in
201 1368 245 1408 re.
289 1350 528 1408 Fundamentum
556 1359 655 1408 autem
675 1350 747 1407 illud
775 1349 981 1424 imperfectum
1002 1350 1033 1407 in

40 1455 72 1492 eo
92 1438 243 1508 consistit,
265 1438 356 1513 quod,
380 1458 447 1496 cum
468 1439 507 1496 de
527 1456 586 1495 una
600 1447 630 1496 et
651 1437 757 1496 eadem
779 1457 810 1496 re
826 1439 924 1513 plures
945 1438 1034 1496 nobis

41 1537 206 1602 conceptus
228 1529 426 1597 efformamus,
449 1527 524 1585 ratio
546 1528 583 1584 ab
599 1545 660 1584 uno
679 1537 827 1602 conceptu
847 1527 1033 1585 manifestata

40 1615 226 1688 praescindit
248 1616 435 1674 solummodo
456 1616 495 1672 ab
523 1624 658 1691 expresse
678 1615 878 1690 conceptione
907 1615 1032 1686 alterius,

39 1704 176 1776 quamvis
199 1706 277 1763 haec
297 1707 427 1780 implicite
447 1704 635 1763 contineatur
656 1703 814 1779 inpriore,
837 1704 907 1779 quia
928 1705 1034 1763 ambae

40 1792 77 1849 ita
97 1795 284 1863 cohaerent,
307 1805 339 1852 ut
358 1794 518 1870 separatim
538 1813 685 1869 nusquam
707 1793 895 1853 inveniantur
914 1811 973 1853 nec
994 1793 1035 1850 in·

40 1882 131 1940 veniri
160 1882 290 1959 possint.
333 1883 414 1941 Talis
442 1892 486 1942 est
514 1901 539 1941 e.
561 1901 589 1957 g.
613 1884 643 1940 in
665 1885 753 1941 Petro
776 1882 931 1941 'distinctio
960 1883 1035 1940 inter

40 1990 89 2028 ens
109 1983 142 2030 et
157 1972 267 2030 vivens
281 1978 404 2047 propter
418 1972 548 2030 notionis
563 1971 638 2029 entis
652 1972 895 2047 imperfectionem.
930 1973 1035 2029 Talem

39 2060 190 2132 dicemuS,
220 2060 252 2118 in
273 2060 466 2131 theodicaea,
487 2061 519 2117 in
541 2062 610 2119 Deo
631 2078 695 2117 esse
717 2060 936 2118 distinctionem
958 2060 1035 2118 inter

38 2149 181 2207 iustitiam
211 2161 243 2207 et
269 2150 449 2221 bonitatem,
481 2159 605 2225 propter
637 2148 787 2222 utriusque
816 2148 946 2206 attributi
971 2159 1034 2223 per·

30 2238 192 2311 sectionem
212 2240 356 2313 infinitam
368 2241 384 2296 ¹.

25 2407 26 2414 ἵ
96 2358 123 2395 2.
158 2335 323 2395 Distinctio
352 2336 474 2394 rationis
501 2337 715 2393 ratiocinantis:
745 2354 781 2393 ea
809 2346 870 2407 est,
900 2354 976 2410 quae
1005 2338 1035 2393 fit

25 2436 165 2501 *propter
182 2424 390 2500 operationem
401 2425 567 2483 intellectus
580 2426 640 2481 sine
653 2424 711 2481 nlla
719 2423 911 2496 fundamento
921 2423 1035 2481 directo

32 2514 62 2571 in
84 2516 201 2587 rebu53
225 2532 251 2571 e.
273 2532 301 2589 g.
323 2513 473 2584 distinctio
494 2513 571 2571 inter
592 2512 744 2571 hominem
767 2523 796 2571 et
817 2512 926 2570 animal
949 2512 1033 2570 ratio·

33 2605 112 2676 nale,
137 2604 224 2661 inter
244 2601 372 2660 Tullium
393 2613 423 2659 et
443 2602 631 2661 Ciceronem.

429 2781 594 2828 Anrrcunus
615 2792 655 2829 111.

184 2897 234 2944 DE
254 2896 499 2945 SIMILITUDINE
518 2895 564 2942 ET
583 2895 631 2942 DE
650 2892 896 2942 DIFFERENTIA.

94 3014 148 3070 Ex
171 3010 329 3069 identitate
350 3029 448 3069 rerum
469 3012 566 3085 logica
590 3010 721 3084 sequitur
749 3026 846 3065 rerum
874 3008 1033 3078 similitude,

31 3114 61 3161 et
83 3122 125 3161 ex
151 3099 348 3160 distinctione
370 3118 472 3158 earum
493 3100 585 3157 oritur
602 3098 767 3174 differmna
788 3107 817 3155 et
837 3098 993 3154 diversitas.

98 3310 107 3342 ¹
130 3311 178 3361 Cf.
198 3325 275 3375 supra
292 3326 317 3375 p.
338 3322 397 3359 210.
