2350 3700
127 172 177 208 222
429 172 467 208 DE
486 171 549 208 lesa
568 170 697 208 RATIONE
717 170 808 207 ENTIS.

185 320 329 377 naturalis
342 329 386 378 est
399 321 540 394 capacitas
560 319 713 396 recipiendi
730 336 774 388 ca,
794 335 868 392 qnae
887 315 1118 374 suntsecundnm

125 410 295 482 exigentiam
315 416 447 478 naturae,
469 409 551 466 utin
573 409 712 483 exemplo
733 407 825 465 modo
847 408 953 482 ailat03

185 499 392 556 abcede'entc'alis
405 507 450 555 est
461 499 602 572 capacitas
621 496 774 572 recipiendi
785 503 886 565 adum,
907 497 960 570 qni
973 501 1018 552 est
1028 501 1120 568 supra

125 589 294 660 exigentiam
314 588 491 656 naturalem‚·
511 586 554 644 sic
576 587 666 643 arbor
687 595 822 643 emortua
841 585 932 644 habet
946 589 1120 662 potentiam

124 676 377 735 oboedientialem
398 676 509 733 fructus
529 674 728 750 producendi.

185 761 216 841 b)
244 766 381 824 Potentia
407 764 570 823 subiectiva
598 765 761 844 operativa,
790 781 867 838 quae
896 765 1005 822 dicitur
1026 767 1121 825 etiam

117 855 265 929 facultas,
294 865 338 913 est
365 856 504 930 capacitas
531 853 645 928 aliquid
660 853 795 927 facienti
800 897 808 920 ,
837 863 869 910 ut
893 854 1065 914 intellectus
1092 868 1122 914 et

124 945 260 1003 voluntas
280 944 311 1000 in
332 944 464 1002 homine.
496 944 549 1000 Est
568 943 616 1000 vel
637 942 867 1016 supernaturalis
887 943 935 1002 vel
956 946 1119 1003 naturalis:

184 1033 412 1108 supernaturalis
425 1042 470 1090 est
483 1033 623 1107 capacitas
643 1030 756 1106 aliquid
765 1030 900 1104 faciendi
916 1033 996 1107 quad
1010 1035 1123 1091 excedet

123 1125 199 1181 vires
218 1129 358 1191 natacac,·
379 1122 529 1197 capacitas
550 1138 576 1178 e.
599 1138 625 1194 g.
648 1120 790 1178 miracula
809 1121 965 1196 patrandi3
1159 1181 1160 1194 ¹

183 1213 327 1270 naturalis
347 1221 391 1270 est
412 1213 551 1286 capacitas
565 1209 700 1282 faciendi
721 1209 834 1283 aliquid
837 1254 846 1278 ,
867 1211 946 1284 qnod
962 1219 1006 1268 est
1024 1231 1117 1270 secun·
1159 1203 1160 1256 ]

123 1302 190 1358 dnm
210 1303 285 1358 vires
305 1307 436 1358 naturae.
480 1301 547 1357 Est:

177 1391 313 1465 passiva,
344 1389 368 1446 si
389 1388 539 1446 obiectum
567 1405 651 1445 suum
669 1390 893 1463 praesupponit:
920 1389 1046 1448 facultas
1067 1409 1116 1447 co—

124 1478 307 1552 gnoscendi3
740 1475 741 1478 ’

183 1569 292 1636 aetina,
320 1567 344 1624 si
365 1566 516 1624 obiectum
537 1584 621 1623 suum
636 1567 722 1642 ponit
741 1566 788 1624 vel
808 1566 959 1642 producit:
991 1569 1118 1626 facultas

123 1657 290 1731 vegetativa
313 1649 481 1731 (nutritiva).

172 1821 190 1889 ξ
209 1837 232 1888 3.
265 1827 308 1875 De
327 1824 514 1891 possibilitate
533 1824 580 1873 vel
599 1825 726 1887 potentia
744 1825 882 1874 obieetiva
901 1825 1063 1889 speciatim.

182 1941 204 1998 I.
227 1950 298 1999 Eius
325 1949 405 1998 notio
432 1950 576 1997 evolvitur.
619 1940 799 1998 Possibilitas
826 1941 873 1998 vel
901 1943 1042 2016 potentia
1066 1945 1122 2001 ob·

122 2030 229 2087 iectiva
250 2041 295 2089 est
308 2030 458 2104 capacitas
472 2029 520 2088 vel
535 2029 668 2105 aptitudo
683 2028 722 2087 ad
737 2030 945 2089 exsistentium.
978 2031 1123 2089 Passibilc

122 2118 250 2193 proinde
278 2119 385 2176 dicitur
412 2119 458 2189 id,
486 2119 564 2192 quad
587 2118 630 2175 aa'
647 2119 832 2175 exsistcndnm
853 2126 895 2175 est
913 2127 1022 2195 aptum.
1069 2123 1123 2180 Sic
1154 2160 1155 2191 p

121 2208 220 2282 plures
241 2208 369 2265 mundos
390 2224 453 2265 esse
475 2207 583 2265 dicitur
603 2207 759 2282 possibile,
790 2208 860 2282 quia
880 2208 920 2265 ad
940 2226 1049 2267 eorum
1073 2229 1122 2268 ex·
1149 2217 1160 2256 ³1

121 2297 283 2355 sistentiam
303 2298 386 2354 nulla
405 2296 489 2353 adest
509 2296 715 2371 repugnantia.
1159 2310 1160 2377 J

181 2385 368 2443 Possibilitati
403 2385 565 2461 opponitur
600 2386 838 2461 impossibilitas,
880 2404 959 2460 quae
994 2397 1042 2445 est
1077 2390 1120 2446 in·
1158 2420 1160 2426 ⁴

122 2474 271 2549 capacitas
285 2476 333 2533 vel
353 2475 552 2550 repugnantia
566 2474 605 2532 ad
620 2475 828 2545 exsistendnm,
850 2475 890 2532 ita
902 2485 934 2532 ut
948 2477 1121 2551 inpassibile
1155 2482 1160 2515 -ἓ

121 2574 244 2621 vocetur
263 2564 350 2633 illud,
380 2564 459 2639 qaod
481 2563 525 2620 ad
547 2564 735 2621 exsistentium
763 2582 820 2621 nan
846 2570 888 2620 cst
914 2572 1024 2639 aptam.
1068 2568 1119 2624 Sic
1144 2572 1160 2619 ,ῑ

123 2653 250 2710 circulus
272 2654 432 2728 quadratus
453 2652 560 2709 dicitur
581 2652 780 2728 impossibilis.
1159 2660 1160 2673 ³

182 2744 246 2799 Iam
267 2760 353 2812 ver0,
382 2752 414 2799 ut
434 2740 548 2815 aliquid
568 2741 605 2799 sit
626 2742 782 2817 adaequate
802 2742 958 2817 possibile,
989 2742 1052 2802 duo
1074 2764 1119 2803 re·
1159 2731 1160 2759 ³

124 2831 295 2905 quiruntur:
1159 2840 1160 2847 ’

185 2927 213 2977 1⁰
237 2930 269 2978 ut
289 2921 437 2978 elementa
458 2919 520 2977 eius
541 2919 618 2977 inter
640 2938 671 2978 se
693 2920 888 2991 conveniant,
912 2920 977 2978 aliis
998 2924 1116 2982 verbis:
1159 2932 1160 2957 ¹

121 3019 153 3067 ut
172 3019 271 3078 notae,
293 3027 330 3067 ex
351 3010 457 3083 quibus
472 3018 588 3066 constat
610 3008 679 3067 idea
699 3027 763 3067 rem
777 3010 858 3068 illam
873 3022 1115 3085 repraesentans
1159 3000 1160 3005 ἵ

121 3114 183 3152 non
198 3097 256 3153 sint
269 3096 457 3153 insociabiles
471 3097 518 3153 vel
532 3108 734 3171 repugnantes
747 3099 764 3170 ¹,
787 3116 864 3172 quae
879 3098 1024 3157 condicio
1043 3120 1069 3160 e.
1084 3120 1114 3176 g.
1159 3130 1160 3134 ,

122 3182 206 3237 adest
235 3184 265 3237 in
295 3183 363 3240 idea
393 3201 496 3240 «mons
524 3202 666 3257 aureus»,
697 3186 781 3244 deest
808 3187 839 3243 in
867 3187 936 3245 idea
968 3190 1115 3248 «circulus

186 3347 193 3377 ¹
214 3350 253 3397 cf.
272 3352 369 3413 Logica
386 3371 411 3416 p.
433 3366 474 3417 25.
