2350 3700
130 148 182 206 3⁶4
416 154 455 189 na
473 152 649 190 acrivrrxrn
668 152 833 189 conponunt.

189 315 287 363 Statua
305 310 492 375 quaestionis.
526 300 610 373 Quid
637 299 674 359 sit
696 299 837 371 finalitas,
865 299 995 357 finalitas
1017 299 1118 357 extrin·
1163 288 1170 307 ⁹

127 412 207 466 seca,
229 393 355 451 finalitas
372 391 553 468 intrinseca,
576 389 770 448 recolendum
792 398 836 447 est
857 408 894 447 ex
915 389 969 461 iis,
991 406 1070 463 quae
1091 387 1119 445 in

128 483 283 557 ontologia
303 478 345 557 (p,
367 475 437 555 309)
457 481 611 539 declarata
631 489 706 537 sunt.

189 573 338 630 Exsistere
358 588 464 629 revera
489 569 664 627 finalitatem
691 568 821 644 aliquam
849 568 881 625 in
909 568 970 627 hoc
997 568 1119 637 mundo,

129 661 188 719 iam
215 659 423 737 probavimus,
452 660 504 717 ubi
531 658 571 717 de
601 657 772 717 exsistentia
802 675 959 715 causarum
989 658 1121 715 finalium

127 751 295 826 generatim
321 750 353 807 in
380 748 536 823 ontologia
563 747 690 807 diximus
704 750 721 805 ¹.
763 747 836 805 Esse
866 764 939 804 vero
970 747 1002 803 in
1035 748 1122 805 rebus

128 839 287 898 mundanis
307 838 480 896 finalitatem
500 838 714 908 extrinsecam,
739 844 798 912 qua
819 836 1001 911 singularum
1023 836 1124 893 activi-

128 940 204 987 tates
224 929 265 986 ita
285 928 479 999 inclinantur,
501 938 547 998 ut,
574 927 646 985 dum
667 926 707 984 ad
727 926 866 1002 proprios
886 927 961 983 fines
983 926 1123 994 tendunt,

130 1018 254 1076 aliarum
268 1035 368 1075 rerum
381 1016 490 1075 finibus
503 1017 673 1086 inserviant,
692 1016 770 1073 infra
783 1015 903 1073 uberius
917 1014 1123 1083 ostendemus,

129 1108 180 1165 ubi
200 1106 240 1164 de
261 1106 360 1163 forma
378 1105 483 1163 mundi
504 1122 603 1163 sermo
624 1105 688 1163 erit.

189 1196 239 1254 Ad
253 1194 428 1253 finalitatem
440 1204 540 1252 autem
553 1194 747 1251 intrinsecam
761 1192 810 1251 hic
822 1192 910 1251 unice
921 1193 1123 1265 attendentes

129 1283 339 1344 contendimus
359 1282 391 1340 iu
412 1283 502 1341 rebus
521 1281 677 1359 corporeis
691 1281 861 1357 singillatim
875 1283 1018 1359 inspectis
1032 1302 1125 1358 appa·

128 1391 195 1433 rere
216 1372 389 1430 finalitatem
411 1372 578 1446 quandam,
608 1390 686 1447 quae
707 1372 842 1447 proxime
862 1391 899 1430 ex
927 1374 993 1448 ipsa
1020 1391 1123 1431 rerum

128 1473 234 1521 natura
255 1463 376 1534 oriatur,
398 1460 490 1536 idque
510 1480 572 1519 non
594 1462 690 1519 solum
711 1462 742 1518 in
763 1461 939 1536 corporibus
954 1461 1125 1521 viventibus

129 1552 182 1611 sed
210 1552 301 1611 etiam
329 1550 362 1609 in
386 1550 627 1609 non-viventibus
648 1551 696 1609 vel
717 1552 913 1625 anorganicis.
956 1554 1056 1610 Imm0
1084 1552 1126 1609 ad
1170 1614 1171 1617 Ἴ

128 1644 204 1699 haec
225 1640 328 1699 ultima
348 1658 478 1716 corpora
498 1639 642 1715 imprimis
663 1640 721 1698 hac
741 1639 816 1698 thesi
837 1641 1028 1713 attendimus,
1053 1660 1124 1699 cum
1170 1674 1171 1683 κ

128 1731 168 1789 de
188 1730 263 1787 mira
283 1730 493 1805 operationum
513 1728 645 1787 vitalium
668 1729 809 1787 finalitate
830 1729 995 1788 intrinseca
1022 1749 1124 1789 sermo

129 1820 166 1879 sit
186 1820 218 1878 in
239 1818 478 1895 anthropologia.

189 1945 292 1994 mesia
304 1945 441 2008 probatio.
465 1933 665 2005 Activitatem,
681 1951 772 2010 quam
787 1933 817 1991 in
832 1932 919 1992 rebus
929 1935 1123 2011 anorganicis
1169 2009 1170 2012 Ἴ

129 2026 399 2101 apprehendimus,
421 2023 604 2099 experientia
624 2034 715 2095 teste,
738 2042 775 2082 eo
796 2024 889 2082 modo
910 2023 1021 2084 scimus
1043 2045 1123 2084 exer·

131 2114 201 2186 ceri,
224 2125 255 2172 ut
275 2114 504 2173 determinatum
527 2122 699 2172 constanter
719 2113 829 2172 habeat
843 2113 993 2173 effectum.
1023 2117 1123 2173 Primo

130 2204 211 2262 enim
238 2222 286 2262 res
313 2204 352 2261 ad
382 2202 413 2262 id
441 2202 582 2274 tendunt,
610 2221 675 2260 non
702 2205 798 2261 solum
820 2211 852 2261 ut
872 2205 964 2262 talem
985 2205 1124 2263 determi-
1169 2253 1170 2256 ,

130 2304 233 2352 natum
252 2293 376 2350 modurn
397 2291 514 2350 essendi
536 2291 592 2350 sibi
613 2291 785 2367 acquirant,
814 2304 845 2351 ut
872 2294 962 2351 talem
990 2294 1124 2352 habeant

131 2383 257 2442 formam
278 2381 503 2453 accidentalem,
525 2391 558 2438 ut
577 2381 685 2440 talibus
706 2381 909 2440 determinatis
931 2383 1123 2458 qualitatibus

131 2470 318 2531 sensibilibus
345 2470 403 2528 sint
430 2471 572 2542 affectae,
600 2470 652 2528 tali
672 2490 699 2530 e.
721 2490 749 2547 g.
778 2472 896 2542 colore,
925 2469 977 2528 tali
997 2471 1124 2542 duritie3
1168 2539 1169 2556 χ

130 2561 184 2620 sed
205 2559 309 2629 etiam,
331 2569 363 2617 ut
382 2559 414 2616 in
435 2568 512 2616 statu
531 2559 584 2617 illo
605 2559 751 2636 acquisito
772 2577 803 2618 se
825 2569 1015 2618 conservent.
1053 2560 1123 2618 Alia
1168 2561 1169 2592 f

131 2649 241 2708 deinde
264 2665 393 2724 corpora
414 2648 494 2707 clare
521 2649 657 2709 videmus
684 2646 716 2706 iu
742 2647 801 2707 alia
831 2649 995 2708 secundum
1026 2660 1124 2708 certas

131 2748 161 2796 et
182 2736 393 2796 determinatas
414 2737 545 2796 rationes
565 2755 685 2813 semper
712 2755 818 2812 agere,
849 2747 879 2796 et
905 2737 1036 2796 vicissim
1064 2739 1124 2796 alia

132 2829 169 2885 ab
192 2826 255 2885 aliis
276 2825 442 2884 secundum
459 2837 556 2886 certas
569 2825 699 2884 rationes
715 2835 887 2886 constanter
901 2827 1020 2903 appeti,
1042 2828 1124 2886 unde

131 2917 177 2988 fit,
207 2935 233 2974 e.
256 2934 300 2991 g.,
331 2924 363 2972 ut
383 2915 462 2974 inter
483 2916 601 2977 diversa
622 2933 751 2991 corpora
771 2927 938 2992 appareant
967 2916 1123 2975 chemicae
1167 2907 1168 2988 ,

132 3023 209 3080 quae
230 3004 368 3064 dicuntur
389 3005 555 3062 affinitates.
584 3005 634 3062 Sic
656 3003 746 3062 etiam
766 3005 848 3064 idem
868 3023 988 3080 corpus,
1013 3005 1122 3064 debitis
1167 2995 1168 3000 ¹

131 3092 253 3147 servatis
274 3092 517 3161 condicionibus,
547 3103 720 3152 constanter
741 3094 780 3153 ad
801 3093 833 3152 id
853 3095 964 3167 tendit,
995 3104 1027 3152 ut
1055 3113 1122 3153 ean-

131 3175 253 3230 demin
274 3176 409 3234 sensibus
429 3177 576 3252 producat
597 3179 842 3255 impressionem,
865 3182 923 3241 alia
943 3183 1120 3242 huiusmodi.

130 3275 344 3285 ——-————-—-

195 3322 203 3350 ¹
223 3326 261 3372 Cf.
282 3329 422 3390 Ontologia
439 3346 464 3391 p.
484 3343 536 3390 312
555 3349 593 3396 sq.
