2350 3700
112 100 146 151 88
512 113 695 149 nrrtucrrcn.

111 260 263 336 quendam
284 261 442 318 terminum
461 252 640 319 introducat.
675 259 772 318 Huius
793 259 837 318 rei
858 260 1001 335 exempla
1016 276 1110 334 supra

110 344 151 425 (p.
176 345 224 424 74)
246 349 429 425 protulimus.
1169 415 1171 428 Ι

171 438 303 496 Fallacia
329 458 424 497 scasas
452 441 594 515 compositi
619 446 647 495 et
671 440 757 497 divisi
775 438 937 514 contingit,
967 457 1040 497 cum
1061 458 1108 495 ar·
1169 435 1171 531 J

111 528 231 603 guendo
253 527 358 603 aliquis
379 527 617 603 propositionem
637 527 668 585 in
689 546 777 585 sensu
797 527 969 603 composito
991 526 1109 585 intelle·

111 616 241 692 gendarn
262 615 293 674 in
314 635 402 676 sensu
423 616 510 675 sumit
530 616 625 674 diviso
646 626 677 675 et
697 635 714 674 e
735 634 890 675 converso.
1169 532 1171 685 Ι

172 709 206 763 ln
234 725 322 765 sensu
350 708 494 782 composito
514 706 717 781 intellegenda
746 716 790 764 est
819 705 1003 776 enuntiati0,
1036 724 1107 763 cum
1169 691 1171 710 ¹

111 795 315 871 praedicatum
349 795 388 853 de
425 795 558 853 subiecto
593 812 656 853 non
690 794 747 852 nisi
782 794 880 870 aliqua
914 794 1106 869 proprietate

112 886 289 944 affectovel
311 886 365 942 sub
387 884 517 959 quadam
537 882 696 959 hypothesi
716 894 859 959 accepto,
880 902 933 942 seu
954 894 1107 958 quatenus

112 975 170 1032 tale
186 984 238 1044 est,
260 973 428 1050 praedicari
441 983 547 1048 potest.
584 972 634 1031 Sic
647 972 679 1029 in
700 991 789 1031 sensu
803 972 973 1048 composito
989 972 1108 1035 intelle

112 1064 212 1138 genda
233 1074 276 1121 est
297 1064 372 1121 haec
393 1062 574 1138 propositio:
602 1064 779 1121 Peccatores
800 1081 925 1137 regnum
947 1063 1107 1120 caelorum

112 1152 248 1211 obtinere
277 1170 339 1209 non
368 1162 501 1225 possunt,
545 1152 654 1209 Sensus
679 1162 779 1209 autem
806 1146 1013 1225 (compositus)
1042 1162 1104 1209 est:

112 1244 288 1301 Peccatores
309 1252 341 1299 ut
361 1250 547 1316 peccatoreS,
569 1243 597 1298 sc'
614 1248 763 1298 remancat
774 1247 948 1316 peccatores,
973 1258 1105 1315 regnum

112 1333 263 1389 caelorum
288 1330 424 1388 obtinere
452 1348 514 1387 non
542 1339 675 1404 possunt.
725 1330 855 1387 Fallacia
883 1348 986 1389 sensus
1015 1329 1106 1387 divisi

112 1420 239 1495 proinde
268 1419 422 1494 deciperet
450 1417 500 1493 qui
522 1418 565 1477 sic
592 1428 745 1493 argueret:
774 1421 951 1478 Peccatores
971 1438 1105 1494 regnum

112 1510 263 1568 caelorum
284 1508 421 1567 obtinere
442 1527 503 1565 non
519 1519 652 1583 possunt.
688 1508 780 1583 Atqui
795 1508 823 1565 S.
839 1508 1023 1583 Augustinus
1036 1518 1115 1566 erat.

111 1607 261 1673 peccator.
304 1599 385 1672 Ergo
413 1616 537 1671 regnum
565 1598 716 1665 caelorum
745 1596 881 1655 obtinere
908 1615 970 1655 non
992 1598 1101 1672 potuit.

172 1690 206 1744 ln
228 1705 316 1745 sensu
336 1704 408 1744 vero
428 1688 517 1744 diuiso
537 1686 738 1765 intellegenda
760 1697 805 1745 est
825 1686 1004 1757 enuntiatio,
1030 1706 1103 1744 cunr
1169 1712 1171 1722 1

112 1796 148 1835 ea
169 1776 336 1853 proprietas
355 1775 404 1833 vel
424 1774 597 1852 hypothesis
612 1775 795 1834 removenda
811 1785 864 1845 est,
885 1786 917 1833 ut
930 1775 1104 1852 propositio
1169 1797 1171 1849 ζ

111 1867 233 1924 veritate
248 1866 383 1941 gaudeat.
414 1867 501 1923 Haec
515 1865 608 1923 verba
622 1864 739 1935 Christi,
755 1885 781 1924 e.
797 1880 842 1940 g.:
862 1865 971 1924 «Caeci
985 1865 1102 1936 vident,
1169 1882 1170 1943 j

112 1955 210 2012 claudi
224 1956 385 2024 ambulant,
402 1954 483 2012 surdi
496 1954 628 2024 audiunt,
643 1955 750 2012 mortui
765 1963 948 2028 resurgunt»,
964 1955 995 2012 in
1010 1973 1104 2013 sensu
1169 1946 1171 1995 ff

112 2044 207 2102 diviso
222 2055 288 2102 sunt
302 2044 512 2118 intellegenda.
549 2043 723 2118 Significant
736 2043 830 2102 enim:
852 2042 944 2101 Caeci
958 2043 1103 2102 desinunt

112 2152 175 2192 esse
197 2133 280 2191 caeci
301 2143 331 2191 et
350 2132 461 2203 vident,
484 2141 539 2191 etc.

173 2223 254 2280 Hinc
268 2222 419 2297 sophisma
433 2220 659 2296 compositionis
667 2231 712 2279 est
726 2238 854 2296 sequens
863 2220 1103 2297 argumentatio:

112 2311 245 2370 Christus
266 2311 365 2369 facere
386 2328 448 2368 non
463 2309 559 2386 potuit
579 2328 624 2380 ea,
647 2310 769 2383 quaein
784 2313 933 2386 conceptu
953 2321 1101 2386 pugnant.

113 2401 172 2458 Sed
194 2419 301 2458 caecos
321 2400 432 2472 videre,
455 2399 559 2458 surdos
580 2398 698 2469 audire,
720 2409 853 2457 mortuos
874 2417 1029 2474 resurgere
1052 2401 1102 2458 vel

111 2489 220 2561 vivere,
242 2489 273 2547 in
295 2500 443 2564 conceptu
457 2498 606 2564 pugnant:
629 2489 757 2546 caecitas
778 2489 859 2546 enim
878 2489 1016 2563 et'visuS,
1039 2489 1101 2546 vita

112 2590 142 2636 et
163 2597 257 2649 mors,
280 2579 349 2648 alia,
372 2590 439 2636 sunt
459 2578 545 2636 ideae
567 2588 768 2652 repugnantes
790 2573 829 2652 (p;
855 2594 908 2653 25,
930 2574 978 2651 ll).
1015 2579 1101 2653 Ergo

113 2668 244 2726 Christus
266 2668 366 2726 facere
387 2686 450 2725 non
471 2666 574 2741 potuit,
597 2676 628 2723 ut
649 2668 732 2724 caeci
752 2666 898 2737 viderent,
920 2676 975 2724 etc.

172 2758 304 2814 Fallacia
324 2777 343 2813 a
363 2757 434 2814 dicto
454 2757 616 2832 simpliciter
635 2757 796 2813 addictum
816 2756 965 2813 secundam
985 2757 1059 2830 quid
1075 2764 1102 2812 et
1169 2764 1170 2777 ²

112 2863 275 2904 econverso
289 2844 488 2916 committitur,
511 2863 578 2903 cum
601 2863 637 2902 ex
658 2863 705 2915 e0,
727 2846 809 2920 quod
823 2844 936 2920 aliquid
958 2845 1100 2904 convenit

112 2935 199 2991 alicui
220 2936 369 3005 absolute,
393 2935 410 2992 i.
433 2952 458 2992 e.
482 2935 564 2991 omni
585 2932 756 3009 particulari
777 2934 951 2992 conditione
972 2946 1097 3006 remota,

111 3022 242 3099 arguitur
268 3025 327 3082 hoc
355 3024 411 3099 ipsi
440 3024 601 3082 convenire
630 3023 719 3081 etiam
744 3024 892 3081 secundom
917 3025 1000 3098 quoii,
1030 3023 1048 3080 i.
1072 3041 1097 3081 e.
1129 3088 1133 3099 ,

112 3110 201 3167 etiam
231 3111 262 3166 in
290 3112 340 3167 tali
361 3112 531 3186 particulari
552 3112 787 3181 circumstantia,
818 3113 867 3170 vel
894 3130 910 3169 e
941 3129 1098 3184 converse,

112 3215 180 3272 cum
202 3214 238 3252 ex
259 3213 304 3264 e0,
320 3199 410 3270 ¹quod
431 3198 544 3272 aliquid
558 3199 699 3257 convenit
713 3199 847 3258 subiecto
863 3211 987 3276 propter
1007 3202 1099 3260 talem
1169 3212 1170 3215 ’

113 3281 362 3338 circumstantiam
383 3286 431 3340 vel
453 3287 554 3358 quoad
568 3296 692 3359 partem,
714 3287 839 3356 infertur
859 3288 900 3347 illi
914 3287 1013 3376 ipsum
1026 3290 1100 3358 illud
1169 3318 1170 3355 ς

934 3566 1171 3678 ,ca
