2350 3700
106 70 160 118 400
299 70 337 107 DE
358 69 457 107 cnusts
476 70 616 107 strennuis
637 68 736 107 MUNDI
756 68 903 107 conpotem.

104 228 225 293 negant.
265 220 303 277 In
330 217 509 293 explicanda
529 235 603 277 vero
628 217 733 276 mundi
760 216 876 291 origine
904 216 982 275 mira
1009 217 1110 275 varie-

105 315 165 366 tate
186 305 435 367 discriminantur.

165 396 240 455 Sunt
260 395 350 467 enim,
371 394 424 470 qui
436 395 572 471 Epiacrii
589 394 720 471 vestigiis
740 394 931 455 inhaerentes
951 394 1103 453 mundum

105 485 218 545 docent
237 495 334 545 ortum
349 502 414 544 esse
426 485 487 543 sine
498 503 585 543 causa
602 479 675 559 (sive
689 483 830 543 efficienti
844 484 906 543 sive
920 478 1022 559 finali),
1045 484 1102 542 sed

106 593 171 633 casu
184 592 221 633 ex
233 574 358 633 materia
366 574 554 633 efformatum
564 590 638 633 esse.
663 574 791 633 Atomos
801 574 960 633 admittunt
968 572 1102 631 infinitas

106 680 240 735 numero,
256 681 333 738 quae
346 673 493 739 perpetuo
507 662 655 738 agitantur
669 672 699 721 et
712 662 881 721 miscentur.
909 662 1102 722 Procedente
1150 694 1151 699 κ

105 770 178 811 vero
198 762 344 828 tempore,
365 752 457 823 aiunt,
478 770 516 811 ex
536 752 700 811 innumeris
720 751 992 812 combinationibus
1007 752 1103 828 possi·
1150 762 1151 835 J

106 841 214 901 bilibus
233 841 404 902 necessario
429 852 510 900 ortus
535 851 583 900 est
609 858 752 916 praesens
773 842 864 912 ordo,
893 859 985 917 quem
1007 843 1104 923 atomi
1150 842 1151 931 ᾖ

107 930 167 989 iarn
188 930 287 989 multis
307 929 432 989 saeculis
453 940 580 989 servant.

165 1019 241 1091 Alii,
262 1018 446 1078 recentiores
466 1018 579 1077 scilicet
599 1018 820 1089 materialistae,
842 1019 967 1089 Strauss,
990 1020 1103 1079 Fener·
1150 1016 1151 1083 i

105 1108 193 1180 bach,
209 1109 357 1180 Biichner,
376 1111 400 1167 Ι,
414 1108 605 1179 Moleschott,
627 1109 662 1167 E.
678 1108 806 1179 Hlickel,
828 1108 869 1167 H.
886 1108 1010 1181 Czolbe,
1034 1128 1104 1167 cau·

106 1216 169 1256 sam
191 1197 313 1272 quidem
334 1197 437 1256 mundi
458 1214 524 1256 esse
544 1196 660 1268 dicunt,
683 1197 736 1256 sed
756 1198 835 1255 hanc
856 1196 887 1254 in
908 1196 975 1273 ipsa
994 1198 1103 1256 mundi
1150 1188 1151 1231 3

106 1286 231 1345 materia
251 1295 402 1361 reponunt
415 1288 433 1357 ¹,
454 1286 495 1344 ita
512 1296 545 1345 ut
557 1285 662 1345 muudi
676 1285 916 1345 effonnationem
933 1286 1102 1361 explicent:
1150 1304 1151 1349 i

107 1375 156 1433 alii
186 1392 241 1451 per
269 1377 368 1433 sm'em
397 1375 541 1450 quandam
569 1376 714 1451 infinitam
743 1376 934 1433 causamm2:
965 1376 1016 1434 alii
1046 1394 1103 1452 per
1150 1360 1151 1431 2

106 1465 288 1523 coeluum
318 1466 455 1522 materiae
483 1471 615 1522 aeternae
647 1466 769 1523 oeternis
801 1465 910 1523 viribus
937 1466 1101 1541 praeditae.

107 1555 191 1612 quta
218 1553 300 1629 ipsos
327 1552 450 1611 materia
477 1570 541 1611 non
569 1563 614 1613 est
640 1554 734 1625 facta,
763 1553 817 1612 sed
845 1570 882 1611 ex
909 1571 941 1613 se
969 1554 1037 1629 ipsa
1061 1554 1103 1611 ad

107 1642 293 1717 operandum
315 1652 360 1701 est
378 1641 576 1701 determinata
596 1642 634 1700 ab
655 1652 788 1713 aeterno,
810 1643 850 1701 ita
863 1652 896 1701 ut
911 1642 1104 1716 necessitate,

108 1731 155 1788 cui
183 1730 255 1789 nihil
284 1730 420 1790 resistere
447 1740 560 1807 potest,
589 1748 654 1791 sese
679 1732 797 1790 evolvat
816 1731 893 1790 serie
913 1741 1051 1791 motuum
1073 1743 1106 1791 et

106 1818 400 1880 transformationum
420 1818 542 1878 infinita.
580 1819 663 1894 Quas
685 1818 806 1895 quidem
822 1820 1106 1881 transformationes

107 1910 157 1967 alii
184 1909 348 1968 secundum
374 1909 486 1985 placita
511 1910 707 1978 darwinz'smi,
738 1910 788 1968 alii
817 1928 872 1986 per
898 1913 1105 1971 anmotmncm

107 1999 251 2073 quondam
271 2000 408 2056 materiae
427 1998 584 2074 explicant,
608 1998 657 2058 alii
678 1999 737 2058 alia
758 1999 929 2058 fabulando.
1018 2035 1020 2038 -

170 2212 178 2244 ¹
201 2215 321 2264 «Materie
340 2216 373 2263 ist
398 2215 444 2263 der
461 2214 582 2278 Urgrund
608 2215 669 2262 alles
689 2213 786 2263 Seius.»
810 2237 843 2248 -
866 2213 935 2263 «Der
953 2213 1102 2263 Naturkun-
1150 2235 1151 2276 3

107 2295 167 2358 dige
193 2294 273 2343 kennt
299 2309 347 2342 nur
371 2294 473 2358 Kiirper
500 2294 553 2342 und
578 2293 779 2358 Eigenschaften
807 2309 857 2342 von
885 2293 1021 2358 Kdrpern;
1051 2309 1102 2342 was
1150 2281 1151 2306 ³

108 2376 216 2424 doruber
229 2375 268 2435 ist,
288 2382 368 2423 nennt
380 2389 408 2422 er
419 2375 606 2433 transcendent,
626 2373 680 2422 und
693 2373 735 2423 die
747 2373 945 2422 Transcendenz
956 2374 1101 2423 betrachtet
1150 2411 1151 2438 3

107 2471 135 2503 er
159 2455 197 2504 als
222 2454 280 2503 eine
304 2454 445 2518 Ven'rrung
470 2454 517 2503 des
541 2453 733 2503 menschlichen
759 2454 874 2503 Geistes»
905 2450 950 2517 (L.
973 2455 1100 2512 Bic'chntr,
1150 2449 1151 2476 l

107 2535 182 2583 Kraft
199 2535 253 2582 und
273 2533 341 2584 Stoff
356 2552 382 2599 p.
403 2531 477 2598 247).

168 2612 179 2644 ¹
201 2615 270 2662 «Aul
285 2615 343 2663 dem
355 2614 436 2678 Wege
455 2614 526 2662 einer
537 2613 714 2663 ordentlichen
728 2613 967 2678 Schluislolgerung
979 2613 1098 2662 kommen
1150 2575 1151 2669 i

108 2695 154 2742 wir
171 2695 236 2743 uber
256 2694 297 2742 die
316 2694 386 2742 Welt
406 2693 477 2742 nicht
495 2693 594 2744 hinaus.
632 2693 717 2742 Weun
736 2709 786 2742 von
806 2694 856 2742 den
875 2693 979 2757 Dingen
1000 2693 1027 2742 in
1056 2695 1100 2742 der

108 2774 176 2824 Welt
192 2775 264 2838 jedes
283 2774 371 2822 seinen
385 2773 476 2822 Grund
495 2774 521 2821 in
541 2774 624 2822 einem
643 2774 740 2822 andern
760 2773 803 2821 hat
821 2773 874 2821 und
886 2789 915 2822 so
928 2774 979 2822 fort
993 2773 1035 2822 ins
1050 2773 1097 2822 Un-

108 2853 234 2912 endliche‚
255 2868 284 2902 so
303 2853 417 2902 erhalten
436 2853 483 2901 wir
500 2853 573 2902 nicht
591 2853 633 2901 die
646 2853 811 2917 Vorsteilung
829 2869 880 2902 von
893 2853 964 2901 einer
977 2851 1096 2912 Ursache‚

109 2934 186 2981 deren
211 2932 339 2996 Wirkung
363 2932 405 2981 die
424 2931 492 2981 Welt
517 2935 598 2992 wilre,
625 2932 735 2981 sondern
762 2933 833 2981 einer
852 2931 990 2992 Substanz,
1022 2933 1096 2982 deren

108 3012 271 3059 Aecidenzen
290 3012 331 3059 die
350 3012 481 3060 einzelnen
500 3011 655 3061 Weltwesen
681 3013 746 3062 sind.
783 3012 839 3060 wir
864 3012 979 3062 erhalten
1005 3012 1097 3061 keinen

109 3087 179 3145 Gott,
198 3089 309 3136 sondern
328 3090 369 3137 ein
388 3091 432 3136 aui
447 3090 502 3138 sich
528 3091 609 3140 selbst
630 3091 773 3153 mhendes,
800 3091 834 3140 im
859 3092 960 3156 ewigen
978 3091 1097 3142 Wechsel

108 3164 154 3209 der
162 3163 372 3229 Erseheinungen
384 3168 440 3216 sich
448 3169 534 3232 gleich
544 3169 696 3219 bleibendes
705 3171 870 3221 Universum»
885 3168 935 3234 (D.
944 3172 976 3221 F.
987 3173 1096 3233 Stroass,

108 3239 162 3284 Der
180 3239 229 3287 alte
248 3244 301 3288 und
320 3244 366 3290 der
383 3260 448 3292 neue
467 3246 567 3295 Glaube
586 3266 611 3312 p.
635 3247 707 3312 111).
